37215705,0.85260000,40.00000000,34.10400000,1688688002148,True,True
37215706,0.85260000,39.00000000,33.25140000,1688688002321,True,True
37215707,0.85280000,256.00000000,218.31680000,1688688006078,False,True
37215708,0.85300000,165.00000000,140.74500000,1688688006550,False,True
37215709,0.85300000,117.00000000,99.80100000,1688688006553,False,True
37215710,0.85300000,6.00000000,5.11800000,1688688006556,False,True
37215711,0.85310000,328.00000000,279.81680000,1688688006807,True,True
37215712,0.85320000,282.00000000,240.60240000,1688688008344,True,True
37215713,0.85260000,24.00000000,20.46240000,1688688016479,True,True
37215714,0.85250000,39.00000000,33.24750000,1688688036479,True,True
37215715,0.85290000,99.00000000,84.43710000,1688688061197,True,True
37215716,0.85390000,14.00000000,11.95460000,1688688061782,False,True
37215717,0.85400000,9.00000000,7.68600000,1688688061782,False,True
37215718,0.85370000,43.00000000,36.70910000,1688688081479,True,True
37215719,0.85310000,14.00000000,11.94340000,1688688096479,True,True
37215720,0.85240000,8.00000000,6.81920000,1688688096479,True,True
37215721,0.85240000,84.00000000,71.60160000,1688688127504,True,True
37215722,0.85230000,29.00000000,24.71670000,1688688131479,True,True
37215723,0.85230000,75.00000000,63.92250000,1688688131511,True,True
37215724,0.85230000,305.00000000,259.95150000,1688688131522,True,True
37215725,0.85230000,75.00000000,63.92250000,1688688131538,True,True
37215726,0.85210000,542.00000000,461.83820000,1688688131544,True,True
37215727,0.85210000,16.00000000,13.63360000,1688688131550,True,True
37215728,0.85210000,538.00000000,458.42980000,1688688133505,True,True
37215729,0.85210000,2665.00000000,2270.84650000,1688688134692,True,True
37215730,0.85210000,183.00000000,155.93430000,1688688134828,True,True
37215731,0.85210000,22.00000000,18.74620000,1688688141990,True,True
37215732,0.85210000,22.00000000,18.74620000,1688688141996,True,True
37215733,0.85210000,22.00000000,18.74620000,1688688142480,True,True
37215734,0.85210000,22.00000000,18.74620000,1688688143029,True,True
37215735,0.85210000,22.00000000,18.74620000,1688688147332,True,True
37215736,0.85210000,18.00000000,15.33780000,1688688150734,True,True
37215737,0.85210000,22.00000000,18.74620000,1688688155126,True,True
37215738,0.85210000,22.00000000,18.74620000,1688688155247,True,True
37215739,0.85210000,80.00000000,68.16800000,1688688156478,True,True
37215740,0.85210000,22.00000000,18.74620000,1688688158587,True,True
37215741,0.85210000,22.00000000,18.74620000,1688688159583,True,True
37215742,0.85210000,22.00000000,18.74620000,1688688160016,True,True
37215743,0.85210000,230.00000000,195.98300000,1688688160029,True,True
37215744,0.85210000,22.00000000,18.74620000,1688688160387,True,True
37215745,0.85210000,22.00000000,18.74620000,1688688162585,True,True
37215746,0.85210000,22.00000000,18.74620000,1688688162635,True,True
37215747,0.85210000,22.00000000,18.74620000,1688688163353,True,True
37215748,0.85240000,91.00000000,77.56840000,1688688170614,False,True
37215749,0.85240000,51.00000000,43.47240000,1688688170614,False,True
37215750,0.85260000,185.00000000,157.73100000,1688688172687,False,True
37215751,0.85260000,44.00000000,37.51440000,1688688172687,False,True
37215752,0.85260000,47.00000000,40.07220000,1688688172693,False,True
37215753,0.85210000,229.00000000,195.13090000,1688688179557,True,True
37215754,0.85210000,22.00000000,18.74620000,1688688180341,True,True
37215755,0.85210000,24.00000000,20.45040000,1688688180916,True,True
37215756,0.85210000,6.00000000,5.11260000,1688688180917,True,True
37215757,0.85220000,96.00000000,81.81120000,1688688182618,False,True
37215758,0.85220000,202.00000000,172.14440000,1688688182721,False,True
37215759,0.85210000,22.00000000,18.74620000,1688688188800,True,True
37215760,0.85210000,22.00000000,18.74620000,1688688190272,True,True
37215761,0.85270000,31.00000000,26.43370000,1688688190333,False,True
37215762,0.85270000,20.00000000,17.05400000,1688688190333,False,True
37215763,0.85220000,22.00000000,18.74840000,1688688190943,True,True
37215764,0.85220000,22.00000000,18.74840000,1688688191509,True,True
37215765,0.85220000,22.00000000,18.74840000,1688688191603,True,True
37215766,0.85210000,22.00000000,18.74620000,1688688197278,True,True
37215767,0.85210000,22.00000000,18.74620000,1688688197400,True,True
37215768,0.85210000,22.00000000,18.74620000,1688688198643,True,True
37215769,0.85210000,22.00000000,18.74620000,1688688199374,True,True
37215770,0.85210000,309.00000000,263.29890000,1688688200933,True,True
37215771,0.85210000,22.00000000,18.74620000,1688688205925,True,True
37215772,0.85210000,51.00000000,43.45710000,1688688206479,True,True
37215773,0.85210000,22.00000000,18.74620000,1688688206618,True,True
37215774,0.85210000,23.00000000,19.59830000,1688688216479,True,True
37215775,0.85210000,95.00000000,80.94950000,1688688217424,True,True
37215776,0.85210000,117.00000000,99.69570000,1688688217460,True,True
37215777,0.85210000,142.00000000,120.99820000,1688688217464,True,True
37215778,0.85210000,22.00000000,18.74620000,1688688218304,True,True
37215779,0.85210000,22.00000000,18.74620000,1688688219000,True,True
37215780,0.85210000,22.00000000,18.74620000,1688688220369,True,True
37215781,0.85210000,22.00000000,18.74620000,1688688231413,True,True
37215782,0.85210000,38.00000000,32.37980000,1688688236479,True,True
37215783,0.85210000,22.00000000,18.74620000,1688688236864,True,True
37215784,0.85220000,96.00000000,81.81120000,1688688243584,False,True
37215785,0.85250000,96.00000000,81.84000000,1688688252849,False,True
37215786,0.85280000,229.00000000,195.29120000,1688688252945,False,True
37215787,0.85280000,122.00000000,104.04160000,1688688252948,False,True
37215788,0.85290000,70.00000000,59.70300000,1688688252953,False,True
37215789,0.85290000,47.00000000,40.08630000,1688688252954,False,True
37215790,0.85320000,31.00000000,26.44920000,1688688252958,False,True
37215791,0.85300000,32.00000000,27.29600000,1688688253247,False,True
37215792,0.85310000,189.00000000,161.23590000,1688688253247,False,True
37215793,0.85310000,117.00000000,99.81270000,1688688253251,False,True
37215794,0.85310000,25.00000000,21.32750000,1688688253255,False,True
37215795,0.85300000,351.00000000,299.40300000,1688688253502,False,True
37215796,0.85290000,32.00000000,27.29280000,1688688263099,True,True
37215797,0.85290000,37.00000000,31.55730000,1688688263099,True,True
37215798,0.85380000,30.00000000,25.61400000,1688688263454,True,True
37215799,0.85300000,30.00000000,25.59000000,1688688266478,True,True
37215800,0.85290000,26.00000000,22.17540000,1688688266478,True,True
37215801,0.85280000,53.00000000,45.19840000,1688688276478,True,True
37215802,0.85280000,32.00000000,27.28960000,1688688311478,True,True
37215803,0.85280000,35.00000000,29.84800000,1688688312407,True,True
37215804,0.85300000,22.00000000,18.76600000,1688688336478,True,True
37215805,0.85240000,51.00000000,43.47240000,1688688356478,True,True
37215806,0.85320000,22.00000000,18.77040000,1688688375059,False,True
37215807,0.85260000,46.00000000,39.21960000,1688688396478,True,True
37215808,0.85220000,58.00000000,49.42760000,1688688423954,True,True
37215809,0.85220000,25.00000000,21.30500000,1688688436478,True,True
37215810,0.85230000,20.00000000,17.04600000,1688688456478,True,True
37215811,0.85230000,15.00000000,12.78450000,1688688481478,True,True
37215812,0.85320000,32.00000000,27.30240000,1688688492085,False,True
37215813,0.85340000,32.00000000,27.30880000,1688688492171,False,True
37215814,0.85360000,32.00000000,27.31520000,1688688492175,False,True
37215815,0.85330000,30.00000000,25.59900000,1688688501478,True,True
37215816,0.85320000,3.00000000,2.55960000,1688688501478,True,True
37215817,0.85370000,122.00000000,104.15140000,1688688501482,False,True
37215818,0.85360000,32.00000000,27.31520000,1688688506084,True,True
37215819,0.85350000,130.00000000,110.95500000,1688688506084,True,True
37215820,0.85340000,30.00000000,25.60200000,1688688506084,True,True
37215821,0.85330000,30.00000000,25.59900000,1688688506084,True,True
37215822,0.85330000,117.00000000,99.83610000,1688688506084,True,True
37215823,0.85310000,12.00000000,10.23720000,1688688506084,True,True
37215824,0.85310000,339.00000000,289.20090000,1688688511592,True,True
37215825,0.85280000,97.00000000,82.72160000,1688688511592,True,True
37215826,0.85280000,137.00000000,116.83360000,1688688511596,True,True
37215827,0.85280000,232.00000000,197.84960000,1688688511596,True,True
37215828,0.85260000,104.00000000,88.67040000,1688688511596,True,True
37215829,0.85250000,176.00000000,150.04000000,1688688512470,True,True
37215830,0.85250000,142.00000000,121.05500000,1688688512471,True,True
37215831,0.85220000,95.00000000,80.95900000,1688688512471,True,True
37215832,0.85240000,31.00000000,26.42440000,1688688516478,True,True
37215833,0.85260000,377.00000000,321.43020000,1688688520493,True,True
37215834,0.85320000,14.00000000,11.94480000,1688688548510,False,True
37215835,0.85330000,32.00000000,27.30560000,1688688548510,False,True
37215836,0.85350000,141.00000000,120.34350000,1688688548510,False,True
37215837,0.85270000,14.00000000,11.93780000,1688688569198,True,True
37215838,0.85250000,30.00000000,25.57500000,1688688576478,True,True
37215839,0.85250000,25.00000000,21.31250000,1688688616478,True,True
37215840,0.85250000,22.00000000,18.75500000,1688688636478,True,True
37215841,0.85250000,23.00000000,19.60750000,1688688641860,True,True
37215842,0.85250000,20.00000000,17.05000000,1688688666478,True,True
37215843,0.85250000,7.00000000,5.96750000,1688688673303,True,True
37215844,0.85250000,127.00000000,108.26750000,1688688673306,False,True
37215845,0.85250000,24.00000000,20.46000000,1688688696478,True,True
37215846,0.85340000,14.00000000,11.94760000,1688688715259,False,True
37215847,0.85350000,150.00000000,128.02500000,1688688715259,False,True
37215848,0.85370000,23.00000000,19.63510000,1688688715259,False,True
37215849,0.85270000,16.00000000,13.64320000,1688688726479,True,True
37215850,0.85260000,18.00000000,15.34680000,1688688726479,True,True
37215851,0.85380000,130.00000000,110.99400000,1688688726744,False,True
37215852,0.85390000,57.00000000,48.67230000,1688688726744,False,True
37215853,0.85390000,78.00000000,66.60420000,1688688727001,False,True
37215854,0.85400000,16.00000000,13.66400000,1688688727001,False,True
37215855,0.85410000,32.00000000,27.33120000,1688688727001,False,True
37215856,0.85430000,32.00000000,27.33760000,1688688727001,False,True
37215857,0.85450000,29.00000000,24.78050000,1688688727001,False,True
37215858,0.85490000,130.00000000,111.13700000,1688688727056,False,True
37215859,0.85500000,57.00000000,48.73500000,1688688727056,False,True
37215860,0.85470000,130.00000000,111.11100000,1688688727115,False,True
37215861,0.85480000,57.00000000,48.72360000,1688688727115,False,True
37215862,0.85550000,32.00000000,27.37600000,1688688730338,True,True
37215863,0.85520000,32.00000000,27.36640000,1688688730338,True,True
37215864,0.85500000,32.00000000,27.36000000,1688688730338,True,True
37215865,0.85500000,130.00000000,111.15000000,1688688730338,True,True
37215866,0.85480000,32.00000000,27.35360000,1688688730338,True,True
37215867,0.85470000,16.00000000,13.67520000,1688688730466,True,True
37215868,0.85470000,99.00000000,84.61530000,1688688730474,True,True
37215869,0.85450000,37.00000000,31.61650000,1688688738449,True,True
37215870,0.85380000,16.00000000,13.66080000,1688688756478,True,True
37215871,0.85370000,26.00000000,22.19620000,1688688756478,True,True
37215872,0.85520000,16.00000000,13.68320000,1688688772603,False,True
37215873,0.85530000,105.00000000,89.80650000,1688688772603,False,True
37215874,0.85550000,66.00000000,56.46300000,1688688772603,False,True
37215875,0.85540000,30.00000000,25.66200000,1688688778971,False,True
37215876,0.85550000,130.00000000,111.21500000,1688688778971,False,True
37215877,0.85570000,27.00000000,23.10390000,1688688778971,False,True
37215878,0.85570000,5.00000000,4.27850000,1688688779596,False,True
37215879,0.85580000,13.00000000,11.12540000,1688688779596,False,True
37215880,0.85420000,26.00000000,22.20920000,1688688782059,True,True
37215881,0.85510000,45.00000000,38.47950000,1688688796478,True,True
37215882,0.85510000,31.00000000,26.50810000,1688688816478,True,True
37215883,0.85590000,23.00000000,19.68570000,1688688828530,False,True
37215884,0.85590000,9.00000000,7.70310000,1688688829821,False,True
37215885,0.85610000,32.00000000,27.39520000,1688688829821,False,True
37215886,0.85630000,32.00000000,27.40160000,1688688829821,False,True
37215887,0.85700000,55.00000000,47.13500000,1688688829821,False,True
37215888,0.85720000,13.00000000,11.14360000,1688688829821,False,True
37215889,0.85730000,137.00000000,117.45010000,1688688829821,False,True
37215890,0.85740000,3.00000000,2.57220000,1688688829821,False,True
37215891,0.85630000,14.00000000,11.98820000,1688688829853,True,True
37215892,0.85630000,14.00000000,11.98820000,1688688829858,True,True
37215893,0.85690000,6.00000000,5.14140000,1688688830389,True,True
37215894,0.85700000,30.00000000,25.71000000,1688688830392,True,True
37215895,0.85690000,24.00000000,20.56560000,1688688830392,True,True
37215896,0.85690000,21.00000000,17.99490000,1688688836202,False,True
37215897,0.85690000,18.00000000,15.42420000,1688688848629,False,True
37215898,0.85700000,32.00000000,27.42400000,1688688848629,False,True
37215899,0.85710000,130.00000000,111.42300000,1688688848629,False,True
37215900,0.85720000,6.00000000,5.14320000,1688688848629,False,True
37215901,0.85630000,4.00000000,3.42520000,1688688851479,True,True
37215902,0.85630000,26.00000000,22.26380000,1688688851479,True,True
37215903,0.85630000,4.00000000,3.42520000,1688688876479,True,True
37215904,0.85630000,23.00000000,19.69490000,1688688876479,True,True
37215905,0.85540000,23.00000000,19.67420000,1688688911479,True,True
37215906,0.85550000,16.00000000,13.68800000,1688688919305,True,True
37215907,0.85540000,130.00000000,111.20200000,1688688919305,True,True
37215908,0.85530000,30.00000000,25.65900000,1688688919305,True,True
37215909,0.85500000,98.00000000,83.79000000,1688688919481,True,True
37215910,0.85500000,21.00000000,17.95500000,1688688936479,True,True
37215911,0.85500000,14.00000000,11.97000000,1688688961479,True,True
37215912,0.85490000,253.00000000,216.28970000,1688688967338,True,True
37215913,0.85490000,130.00000000,111.13700000,1688688967338,True,True
37215914,0.85480000,382.00000000,326.53360000,1688688967338,True,True
37215915,0.85430000,117.00000000,99.95310000,1688688967338,True,True
37215916,0.85420000,18.00000000,15.37560000,1688688967338,True,True
37215917,0.85540000,135.00000000,115.47900000,1688688967705,False,True
37215918,0.85550000,16.00000000,13.68800000,1688688967705,False,True
37215919,0.85560000,36.00000000,30.80160000,1688688967705,False,True
37215920,0.85590000,61.00000000,52.20990000,1688688978634,False,True
37215921,0.85490000,16.00000000,13.67840000,1688688981479,True,True
37215922,0.85480000,17.00000000,14.53160000,1688688981479,True,True
37215923,0.85480000,12.00000000,10.25760000,1688688995149,False,True
37215924,0.85530000,32.00000000,27.36960000,1688688995149,False,True
37215925,0.85560000,32.00000000,27.37920000,1688688995149,False,True
37215926,0.85600000,49.00000000,41.94400000,1688688995149,False,True
37215927,0.85610000,62.00000000,53.07820000,1688688995149,False,True
37215928,0.85510000,18.00000000,15.39180000,1688688996479,True,True
37215929,0.85510000,13.00000000,11.11630000,1688689011480,True,True
37215930,0.85490000,10.00000000,8.54900000,1688689011480,True,True
37215931,0.85550000,12.00000000,10.26600000,1688689029845,False,True
37215932,0.85490000,19.00000000,16.24310000,1688689031479,True,True
37215933,0.85540000,30.00000000,25.66200000,1688689038710,False,True
37215934,0.85570000,30.00000000,25.67100000,1688689045281,True,True
37215935,0.85550000,30.00000000,25.66500000,1688689045281,True,True
37215936,0.85490000,2.00000000,1.70980000,1688689045281,True,True
37215937,0.85490000,114.00000000,97.45860000,1688689045281,True,True
37215938,0.85450000,19.00000000,16.23550000,1688689045281,True,True
37215939,0.85430000,21.00000000,17.94030000,1688689056479,True,True
37215940,0.85430000,36.00000000,30.75480000,1688689081479,True,True
37215941,0.85400000,18.00000000,15.37200000,1688689116479,True,True
37215942,0.85490000,11.00000000,9.40390000,1688689124828,False,True
37215943,0.85410000,33.00000000,28.18530000,1688689141479,True,True
37215944,0.85400000,27.00000000,23.05800000,1688689176479,True,True
37215945,0.85400000,10.00000000,8.54000000,1688689198711,True,True
37215946,0.85400000,100.00000000,85.40000000,1688689198711,True,True
37215947,0.85390000,16.00000000,13.66240000,1688689216479,True,True
37215948,0.85400000,31.00000000,26.47400000,1688689236479,True,True
37215949,0.85390000,13.00000000,11.10070000,1688689261655,True,True
37215950,0.85380000,137.00000000,116.97060000,1688689261655,True,True
37215951,0.85380000,300.00000000,256.14000000,1688689261655,True,True
37215952,0.85370000,260.00000000,221.96200000,1688689261655,True,True
37215953,0.85370000,17.00000000,14.51290000,1688689276479,True,True
37215954,0.85370000,13.00000000,11.09810000,1688689296479,True,True
37215955,0.85370000,27.00000000,23.04990000,1688689311479,True,True
37215956,0.85370000,22.00000000,18.78140000,1688689312472,True,True
37215957,0.85370000,22.00000000,18.78140000,1688689313006,True,True
37215958,0.85370000,22.00000000,18.78140000,1688689314519,True,True
37215959,0.85370000,18.00000000,15.36660000,1688689336479,True,True
37215960,0.85370000,25.00000000,21.34250000,1688689356479,True,True
37215961,0.85370000,8.00000000,6.82960000,1688689366328,True,True
37215962,0.85430000,32.00000000,27.33760000,1688689379148,False,True
37215963,0.85450000,32.00000000,27.34400000,1688689379148,False,True
37215964,0.85450000,123.00000000,105.10350000,1688689379148,False,True
37215965,0.85450000,130.00000000,111.08500000,1688689379166,False,True
37215966,0.85480000,57.00000000,48.72360000,1688689379166,False,True
37215967,0.85410000,30.00000000,25.62300000,1688689386479,True,True
37215968,0.85390000,3.00000000,2.56170000,1688689386479,True,True
37215969,0.85390000,21.00000000,17.93190000,1688689416479,True,True
37215970,0.85390000,6.00000000,5.12340000,1688689439469,True,True
37215971,0.85370000,33.00000000,28.17210000,1688689439472,True,True
37215972,0.85360000,340.00000000,290.22400000,1688689439476,True,True
37215973,0.85360000,185.00000000,157.91600000,1688689439481,True,True
37215974,0.85350000,13.00000000,11.09550000,1688689439481,True,True
37215975,0.85330000,57.00000000,48.63810000,1688689439555,True,True
37215976,0.85240000,29.00000000,24.71960000,1688689446479,True,True
37215977,0.85300000,32.00000000,27.29600000,1688689460068,False,True
37215978,0.85320000,32.00000000,27.30240000,1688689460068,False,True
37215979,0.85350000,130.00000000,110.95500000,1688689460068,False,True
37215980,0.85360000,40.00000000,34.14400000,1688689460068,False,True
37215981,0.85290000,30.00000000,25.58700000,1688689476479,True,True
37215982,0.85270000,2.00000000,1.70540000,1688689476479,True,True
37215983,0.85270000,26.00000000,22.17020000,1688689516477,True,True
37215984,0.85270000,2.00000000,1.70540000,1688689536479,True,True
37215985,0.85250000,19.00000000,16.19750000,1688689536479,True,True
37215986,0.85230000,8.00000000,6.81840000,1688689566479,True,True
37215987,0.85230000,6.00000000,5.11380000,1688689566479,True,True
37215988,0.85250000,24.00000000,20.46000000,1688689586479,True,True
37215989,0.85230000,27.00000000,23.01210000,1688689596479,True,True
37215990,0.85310000,18.00000000,15.35580000,1688689626313,False,True
37215991,0.85250000,13.00000000,11.08250000,1688689626479,True,True
37215992,0.85250000,12.00000000,10.23000000,1688689656479,True,True
37215993,0.85230000,13.00000000,11.07990000,1688689671479,True,True
37215994,0.85300000,30.00000000,25.59000000,1688689683645,False,True
37215995,0.85310000,14.00000000,11.94340000,1688689684333,False,True
37215996,0.85320000,11.00000000,9.38520000,1688689686479,True,True
37215997,0.85320000,11.00000000,9.38520000,1688689716479,True,True
37215998,0.85320000,6.00000000,5.11920000,1688689729933,True,True
37215999,0.85320000,2.00000000,1.70640000,1688689731479,True,True
37216000,0.85300000,15.00000000,12.79500000,1688689731479,True,True
37216001,0.85300000,15.00000000,12.79500000,1688689761479,True,True
37216002,0.85270000,7.00000000,5.96890000,1688689761479,True,True
37216003,0.85250000,100.00000000,85.25000000,1688689775798,True,True
37216004,0.85250000,19.00000000,16.19750000,1688689776479,True,True
37216005,0.85250000,98.00000000,83.54500000,1688689785194,True,True
37216006,0.85250000,11.00000000,9.37750000,1688689785194,True,True
37216007,0.85250000,14.00000000,11.93500000,1688689798377,True,True
37216008,0.85250000,14.00000000,11.93500000,1688689806479,True,True
37216009,0.85300000,18.00000000,15.35400000,1688689812400,False,True
37216010,0.85250000,24.00000000,20.46000000,1688689821479,True,True
37216011,0.85250000,29.00000000,24.72250000,1688689836479,True,True
37216012,0.85300000,5.00000000,4.26500000,1688689844339,False,True
37216013,0.85250000,21.00000000,17.90250000,1688689876479,True,True
37216014,0.85250000,10.00000000,8.52500000,1688689896479,True,True
37216015,0.85250000,30.00000000,25.57500000,1688689896556,True,True
37216016,0.85250000,4.00000000,3.41000000,1688689911479,True,True
37216017,0.85220000,22.00000000,18.74840000,1688689911479,True,True
37216018,0.85210000,22.00000000,18.74620000,1688689913756,True,True
37216019,0.85290000,18.00000000,15.35220000,1688689936164,False,True
37216020,0.85300000,99.00000000,84.44700000,1688689936164,False,True
37216021,0.85240000,19.00000000,16.19560000,1688689956479,True,True
37216022,0.85220000,12.00000000,10.22640000,1688689981479,True,True
37216023,0.85290000,12.00000000,10.23480000,1688689995522,False,True
37216024,0.85220000,15.00000000,12.78300000,1688690001479,True,True
37216025,0.85220000,22.00000000,18.74840000,1688690003413,True,True
37216026,0.85210000,28.00000000,23.85880000,1688690016480,True,True
37216027,0.85210000,538.00000000,458.42980000,1688690023149,True,True
37216028,0.85210000,955.00000000,813.75550000,1688690026303,True,True
37216029,0.85210000,800.00000000,681.68000000,1688690026308,True,True
37216030,0.85210000,153.00000000,130.37130000,1688690026311,True,True
37216031,0.85210000,409.00000000,348.50890000,1688690026333,True,True
37216032,0.85210000,759.00000000,646.74390000,1688690026336,True,True
37216033,0.85210000,30.00000000,25.56300000,1688690026336,True,True
37216034,0.85210000,71.00000000,60.49910000,1688690026336,True,True
37216035,0.85210000,516.00000000,439.68360000,1688690026336,True,True
37216036,0.85200000,164.00000000,139.72800000,1688690027606,True,True
37216037,0.85190000,8.00000000,6.81520000,1688690027606,True,True
37216038,0.85190000,50.00000000,42.59500000,1688690027606,True,True
37216039,0.85170000,39.00000000,33.21630000,1688690027606,True,True
37216040,0.85160000,117.00000000,99.63720000,1688690027606,True,True
37216041,0.85150000,81.00000000,68.97150000,1688690027606,True,True
37216042,0.85170000,117.00000000,99.64890000,1688690029600,True,True
37216043,0.85150000,42.00000000,35.76300000,1688690029600,True,True
37216044,0.85130000,10.00000000,8.51300000,1688690029600,True,True
37216045,0.85110000,289.00000000,245.96790000,1688690029600,True,True
37216046,0.85100000,55.00000000,46.80500000,1688690030595,True,True
37216047,0.85100000,12.00000000,10.21200000,1688690030595,True,True
37216048,0.85100000,50.00000000,42.55000000,1688690030595,True,True
37216049,0.85100000,222.00000000,188.92200000,1688690030595,True,True
37216050,0.85100000,119.00000000,101.26900000,1688690030595,True,True
37216051,0.85100000,119.00000000,101.26900000,1688690030595,True,True
37216052,0.85160000,18.00000000,15.32880000,1688690030926,False,True
37216053,0.85160000,59.00000000,50.24440000,1688690034127,False,True
37216054,0.85160000,172.00000000,146.47520000,1688690034127,False,True
37216055,0.85160000,156.00000000,132.84960000,1688690034132,False,True
37216056,0.85170000,32.00000000,27.25440000,1688690034143,False,True
37216057,0.85120000,18.00000000,15.32160000,1688690056479,True,True
37216058,0.85110000,46.00000000,39.15060000,1688690076479,True,True
37216059,0.85110000,20.00000000,17.02200000,1688690121479,True,True
37216060,0.85190000,21.00000000,17.88990000,1688690121483,False,True
37216061,0.85190000,12.00000000,10.22280000,1688690121483,False,True
37216062,0.85110000,47.00000000,40.00170000,1688690136479,True,True
37216063,0.85190000,187.00000000,159.30530000,1688690174312,False,True
37216064,0.85190000,68.00000000,57.92920000,1688690174316,False,True
37216065,0.85120000,35.00000000,29.79200000,1688690176635,True,True
37216066,0.85210000,32.00000000,27.26720000,1688690179795,False,True
37216067,0.85150000,30.00000000,25.54500000,1688690181479,True,True
37216068,0.85150000,12.00000000,10.21800000,1688690181479,True,True
37216069,0.85210000,32.00000000,27.26720000,1688690181492,False,True
37216070,0.85210000,32.00000000,27.26720000,1688690182232,False,True
37216071,0.85270000,30.00000000,25.58100000,1688690182410,True,True
37216072,0.85190000,30.00000000,25.55700000,1688690196479,True,True
37216073,0.85160000,10.00000000,8.51600000,1688690196479,True,True
37216074,0.85120000,53.00000000,45.11360000,1688690231479,True,True
37216075,0.85210000,18.00000000,15.33780000,1688690236764,False,True
37216076,0.85150000,30.00000000,25.54500000,1688690256479,True,True
37216077,0.85140000,4.00000000,3.40560000,1688690256479,True,True
37216078,0.85130000,30.00000000,25.53900000,1688690281479,True,True
37216079,0.85130000,6.00000000,5.10780000,1688690281479,True,True
37216080,0.85120000,18.00000000,15.32160000,1688690316479,True,True
37216081,0.85120000,13.00000000,11.06560000,1688690346479,True,True
37216082,0.85190000,30.00000000,25.55700000,1688690356487,False,True
37216083,0.85140000,15.00000000,12.77100000,1688690366479,True,True
37216084,0.85140000,19.00000000,16.17660000,1688690376479,True,True
37216085,0.85130000,27.00000000,22.98510000,1688690406479,True,True
37216086,0.85190000,135.00000000,115.00650000,1688690406508,False,True
37216087,0.85140000,29.00000000,24.69060000,1688690436479,True,True
37216088,0.85200000,30.00000000,25.56000000,1688690448433,False,True
37216089,0.85210000,14.00000000,11.92940000,1688690448437,False,True
37216090,0.85210000,32.00000000,27.26720000,1688690448437,False,True
37216091,0.85220000,261.00000000,222.42420000,1688690448437,False,True
37216092,0.85170000,29.00000000,24.69930000,1688690476479,True,True
37216093,0.85170000,1.00000000,0.85170000,1688690496479,True,True
37216094,0.85150000,12.00000000,10.21800000,1688690496479,True,True
37216095,0.85230000,32.00000000,27.27360000,1688690511362,False,True
37216096,0.85190000,30.00000000,25.55700000,1688690516245,True,True
37216097,0.85190000,59.00000000,50.26210000,1688690516245,True,True
37216098,0.85170000,30.00000000,25.55100000,1688690516245,True,True
37216099,0.85130000,181.00000000,154.08530000,1688690516245,True,True
37216100,0.85120000,55.00000000,46.81600000,1688690516245,True,True
37216101,0.85210000,32.00000000,27.26720000,1688690516265,False,True
37216102,0.85130000,31.00000000,26.39030000,1688690516479,True,True
37216103,0.85210000,32.00000000,27.26720000,1688690516566,False,True
37216104,0.85160000,30.00000000,25.54800000,1688690519379,True,True
37216105,0.85160000,59.00000000,50.24440000,1688690519379,True,True
37216106,0.85140000,30.00000000,25.54200000,1688690519379,True,True
37216107,0.85130000,90.00000000,76.61700000,1688690519379,True,True
37216108,0.85120000,18.00000000,15.32160000,1688690519379,True,True
37216109,0.85210000,32.00000000,27.26720000,1688690519469,False,True
37216110,0.85130000,60.00000000,51.07800000,1688690519554,True,True
37216111,0.85120000,57.00000000,48.51840000,1688690519554,True,True
37216112,0.85110000,165.00000000,140.43150000,1688690519554,True,True
37216113,0.85110000,18.00000000,15.31980000,1688690519554,True,True
37216114,0.85190000,32.00000000,27.26080000,1688690527479,False,True
37216115,0.85200000,130.00000000,110.76000000,1688690527484,False,True
37216116,0.85210000,32.00000000,27.26720000,1688690527484,False,True
37216117,0.85210000,302.00000000,257.33420000,1688690527484,False,True
37216118,0.85220000,110.00000000,93.74200000,1688690527487,False,True
37216119,0.85220000,294.00000000,250.54680000,1688690527488,False,True
37216120,0.85230000,221.00000000,188.35830000,1688690527491,False,True
37216121,0.85230000,105.00000000,89.49150000,1688690527492,False,True
37216122,0.85240000,39.00000000,33.24360000,1688690527492,False,True
37216123,0.85240000,370.00000000,315.38800000,1688690527495,False,True
37216124,0.85240000,178.00000000,151.72720000,1688690527495,False,True
37216125,0.85250000,26.00000000,22.16500000,1688690527495,False,True
37216126,0.85250000,234.00000000,199.48500000,1688690527497,False,True
37216127,0.85250000,39.00000000,33.24750000,1688690527499,False,True
37216128,0.85280000,85.00000000,72.48800000,1688690527503,False,True
37216129,0.85280000,230.00000000,196.14400000,1688690527503,False,True
37216130,0.85340000,16.00000000,13.65440000,1688690528285,False,True
37216131,0.85300000,32.00000000,27.29600000,1688690556479,True,True
37216132,0.85390000,32.00000000,27.32480000,1688690556589,False,True
37216133,0.85400000,55.00000000,46.97000000,1688690578301,False,True
37216134,0.85510000,97.00000000,82.94470000,1688690578394,False,True
37216135,0.85530000,12.00000000,10.26360000,1688690581374,False,True
37216136,0.85540000,8.00000000,6.84320000,1688690581378,False,True
37216137,0.85550000,39.00000000,33.36450000,1688690581383,False,True
37216138,0.85520000,32.00000000,27.36640000,1688690581479,True,True
37216139,0.85510000,19.00000000,16.24690000,1688690581479,True,True
37216140,0.85590000,12.00000000,10.27080000,1688690584182,False,True
37216141,0.85590000,13.00000000,11.12670000,1688690584654,False,True
37216142,0.85540000,30.00000000,25.66200000,1688690585409,True,True
37216143,0.85540000,59.00000000,50.46860000,1688690585409,True,True
37216144,0.85520000,30.00000000,25.65600000,1688690585409,True,True
37216145,0.85420000,54.00000000,46.12680000,1688690585409,True,True
37216146,0.85450000,18.00000000,15.38100000,1688690585657,True,True
37216147,0.85440000,101.00000000,86.29440000,1688690585657,True,True
37216148,0.85540000,94.00000000,80.40760000,1688690585828,False,True
37216149,0.85540000,21.00000000,17.96340000,1688690585842,False,True
37216150,0.85540000,15.00000000,12.83100000,1688690585920,False,True
37216151,0.85550000,40.00000000,34.22000000,1688690585920,False,True
37216152,0.85540000,13.00000000,11.12020000,1688690586471,False,True
37216153,0.85540000,5.00000000,4.27700000,1688690586762,False,True
37216154,0.85550000,8.00000000,6.84400000,1688690586762,False,True
37216155,0.85560000,30.00000000,25.66800000,1688690606964,False,True
37216156,0.85570000,30.00000000,25.67100000,1688690606964,False,True
37216157,0.85570000,2.00000000,1.71140000,1688690606964,False,True
37216158,0.85510000,24.00000000,20.52240000,1688690616479,True,True
37216159,0.85510000,6.00000000,5.13060000,1688690641479,True,True
37216160,0.85510000,15.00000000,12.82650000,1688690641479,True,True
37216161,0.85560000,30.00000000,25.66800000,1688690655034,False,True
37216162,0.85520000,29.00000000,24.80080000,1688690656479,True,True
37216163,0.85590000,30.00000000,25.67700000,1688690674041,False,True
37216164,0.85590000,30.00000000,25.67700000,1688690674054,False,True
37216165,0.85520000,1.00000000,0.85520000,1688690676479,True,True
37216166,0.85520000,30.00000000,25.65600000,1688690676479,True,True
37216167,0.85510000,6.00000000,5.13060000,1688690676479,True,True
37216168,0.85510000,9.00000000,7.69590000,1688690711479,True,True
37216169,0.85510000,19.00000000,16.24690000,1688690711479,True,True
37216170,0.85510000,11.00000000,9.40610000,1688690728353,True,True
37216171,0.85480000,30.00000000,25.64400000,1688690728353,True,True
37216172,0.85460000,401.00000000,342.69460000,1688690728353,True,True
37216173,0.85450000,360.00000000,307.62000000,1688690728353,True,True
37216174,0.85410000,39.00000000,33.30990000,1688690736479,True,True
37216175,0.85460000,181.00000000,154.68260000,1688690757588,False,True
37216176,0.85470000,130.00000000,111.11100000,1688690757595,False,True
37216177,0.85420000,32.00000000,27.33440000,1688690776479,True,True
37216178,0.85440000,17.00000000,14.52480000,1688690793519,True,True
37216179,0.85420000,29.00000000,24.77180000,1688690796479,True,True
37216180,0.85420000,117.00000000,99.94140000,1688690811648,True,True
37216181,0.85410000,193.00000000,164.84130000,1688690815915,True,True
37216182,0.85410000,72.00000000,61.49520000,1688690815915,True,True
37216183,0.85410000,135.00000000,115.30350000,1688690819440,True,True
37216184,0.85400000,18.00000000,15.37200000,1688690819440,True,True
37216185,0.85390000,117.00000000,99.90630000,1688690819440,True,True
37216186,0.85350000,120.00000000,102.42000000,1688690819440,True,True
37216187,0.85360000,135.00000000,115.23600000,1688690819448,True,True
37216188,0.85350000,10.00000000,8.53500000,1688690819448,True,True
37216189,0.85350000,277.00000000,236.41950000,1688690819448,True,True
37216190,0.85330000,120.00000000,102.39600000,1688690819448,True,True
37216191,0.85360000,117.00000000,99.87120000,1688690819465,True,True
37216192,0.85320000,117.00000000,99.82440000,1688690820205,True,True
37216193,0.85350000,130.00000000,110.95500000,1688690826398,False,True
37216194,0.85360000,30.00000000,25.60800000,1688690826398,False,True
37216195,0.85380000,30.00000000,25.61400000,1688690826398,False,True
37216196,0.85390000,224.00000000,191.27360000,1688690826398,False,True
37216197,0.85320000,30.00000000,25.59600000,1688690828266,True,True
37216198,0.85310000,117.00000000,99.81270000,1688690828266,True,True
37216199,0.85280000,286.00000000,243.90080000,1688690828266,True,True
37216200,0.85220000,287.00000000,244.58140000,1688690828266,True,True
37216201,0.85230000,30.00000000,25.56900000,1688690828273,True,True
37216202,0.85220000,129.00000000,109.93380000,1688690828273,True,True
37216203,0.85200000,117.00000000,99.68400000,1688690828273,True,True
37216204,0.85190000,8.00000000,6.81520000,1688690828273,True,True
37216205,0.85170000,39.00000000,33.21630000,1688690828273,True,True
37216206,0.85160000,80.00000000,68.12800000,1688690828273,True,True
37216207,0.85230000,303.00000000,258.24690000,1688690828279,True,True
37216208,0.85230000,130.00000000,110.79900000,1688690828279,True,True
37216209,0.85170000,117.00000000,99.64890000,1688690828306,True,True
37216210,0.85150000,14.00000000,11.92100000,1688690831479,True,True
37216211,0.85220000,30.00000000,25.56600000,1688690832918,False,True
37216212,0.85150000,333.00000000,283.54950000,1688690837461,True,True
37216213,0.85150000,59.00000000,50.23850000,1688690837461,True,True
37216214,0.85140000,352.00000000,299.69280000,1688690837461,True,True
37216215,0.85130000,464.00000000,395.00320000,1688690837461,True,True
37216216,0.85120000,158.00000000,134.48960000,1688690837461,True,True
37216217,0.85200000,130.00000000,110.76000000,1688690837521,False,True
37216218,0.85200000,130.00000000,110.76000000,1688690838022,False,True
37216219,0.85220000,30.00000000,25.56600000,1688690838029,False,True
37216220,0.85240000,130.00000000,110.81200000,1688690838123,False,True
37216221,0.85250000,30.00000000,25.57500000,1688690839491,False,True
37216222,0.85170000,30.00000000,25.55100000,1688690840025,True,True
37216223,0.85170000,59.00000000,50.25030000,1688690840025,True,True
37216224,0.85170000,51.00000000,43.43670000,1688690840025,True,True
37216225,0.85150000,30.00000000,25.54500000,1688690840025,True,True
37216226,0.85140000,84.00000000,71.51760000,1688690840025,True,True
37216227,0.85140000,10.00000000,8.51400000,1688690840030,True,True
37216228,0.85120000,119.00000000,101.29280000,1688690840030,True,True
37216229,0.85210000,18.00000000,15.33780000,1688690840123,False,True
37216230,0.85130000,59.00000000,50.22670000,1688690842872,True,True
37216231,0.85120000,130.00000000,110.65600000,1688690842872,True,True
37216232,0.85110000,579.00000000,492.78690000,1688690842872,True,True
37216233,0.85130000,42.00000000,35.75460000,1688690845511,True,True
37216234,0.85110000,130.00000000,110.64300000,1688690845511,True,True
37216235,0.85110000,376.00000000,320.01360000,1688690845511,True,True
37216236,0.85110000,130.00000000,110.64300000,1688690845511,True,True
37216237,0.85110000,117.00000000,99.57870000,1688690845511,True,True
37216238,0.85100000,358.00000000,304.65800000,1688690845511,True,True
37216239,0.85190000,130.00000000,110.74700000,1688690845625,False,True
37216240,0.85200000,69.00000000,58.78800000,1688690845750,False,True
37216241,0.85200000,66.00000000,56.23200000,1688690845825,False,True
37216242,0.85170000,80.00000000,68.13600000,1688690849061,True,True
37216243,0.85170000,55.00000000,46.84350000,1688690849070,True,True
37216244,0.85150000,130.00000000,110.69500000,1688690849070,True,True
37216245,0.85130000,135.00000000,114.92550000,1688690849070,True,True
37216246,0.85140000,47.00000000,40.01580000,1688690851308,True,True
37216247,0.85140000,59.00000000,50.23260000,1688690851308,True,True
37216248,0.85140000,51.00000000,43.42140000,1688690851308,True,True
37216249,0.85140000,67.00000000,57.04380000,1688690851308,True,True
37216250,0.85130000,130.00000000,110.66900000,1688690851308,True,True
37216251,0.85110000,147.00000000,125.11170000,1688690851308,True,True
37216252,0.85130000,52.00000000,44.26760000,1688690856479,True,True
37216253,0.85130000,9.00000000,7.66170000,1688690856479,True,True
37216254,0.85230000,30.00000000,25.56900000,1688690869036,False,True
37216255,0.85150000,30.00000000,25.54500000,1688690881479,True,True
37216256,0.85150000,26.00000000,22.13900000,1688690881479,True,True
37216257,0.85250000,30.00000000,25.57500000,1688690893150,False,True
37216258,0.85250000,130.00000000,110.82500000,1688690893150,False,True
37216259,0.85240000,30.00000000,25.57200000,1688690902017,False,True
37216260,0.85250000,130.00000000,110.82500000,1688690902017,False,True
37216261,0.85270000,30.00000000,25.58100000,1688690902017,False,True
37216262,0.85300000,247.00000000,210.69100000,1688690902017,False,True
37216263,0.85320000,272.00000000,232.07040000,1688690902017,False,True
37216264,0.85330000,277.00000000,236.36410000,1688690902017,False,True
37216265,0.85360000,117.00000000,99.87120000,1688690902017,False,True
37216266,0.85460000,357.00000000,305.09220000,1688690902017,False,True
37216267,0.85470000,882.00000000,753.84540000,1688690902017,False,True
37216268,0.85300000,30.00000000,25.59000000,1688690906479,True,True
37216269,0.85300000,34.00000000,29.00200000,1688690906479,True,True
37216270,0.85310000,30.00000000,25.59300000,1688690916479,True,True
37216271,0.85300000,32.00000000,27.29600000,1688690916479,True,True
37216272,0.85310000,30.00000000,25.59300000,1688690941479,True,True
37216273,0.85300000,36.00000000,30.70800000,1688690941479,True,True
37216274,0.85290000,38.00000000,32.41020000,1688690976479,True,True
37216275,0.85280000,22.00000000,18.76160000,1688690976479,True,True
37216276,0.85370000,19.00000000,16.22030000,1688691007987,False,True
37216277,0.85290000,61.00000000,52.02690000,1688691011479,True,True
37216278,0.85290000,65.00000000,55.43850000,1688691036479,True,True
37216279,0.85290000,64.00000000,54.58560000,1688691081479,True,True
37216280,0.85360000,13.00000000,11.09680000,1688691086124,False,True
37216281,0.85290000,44.00000000,37.52760000,1688691096479,True,True
37216282,0.85280000,8.00000000,6.82240000,1688691096479,True,True
37216283,0.85240000,16.00000000,13.63840000,1688691096479,True,True
37216284,0.85220000,18.00000000,15.33960000,1688691146479,True,True
37216285,0.85210000,41.00000000,34.93610000,1688691146479,True,True
37216286,0.85170000,30.00000000,25.55100000,1688691156479,True,True
37216287,0.85170000,40.00000000,34.06800000,1688691191479,True,True
37216288,0.85170000,19.00000000,16.18230000,1688691216479,True,True
37216289,0.85170000,13.00000000,11.07210000,1688691216479,True,True
37216290,0.85170000,25.00000000,21.29250000,1688691266479,True,True
37216291,0.85170000,14.00000000,11.92380000,1688691276479,True,True
37216292,0.85260000,14.00000000,11.93640000,1688691291320,False,True
37216293,0.85270000,126.00000000,107.44020000,1688691293739,False,True
37216294,0.85290000,283.00000000,241.37070000,1688691293739,False,True
37216295,0.85300000,316.00000000,269.54800000,1688691293739,False,True
37216296,0.85340000,145.00000000,123.74300000,1688691293739,False,True
37216297,0.85350000,30.00000000,25.60500000,1688691293739,False,True
37216298,0.85350000,551.00000000,470.27850000,1688691293739,False,True
37216299,0.85350000,174.00000000,148.50900000,1688691293742,True,True
37216300,0.85350000,105.00000000,89.61750000,1688691293742,True,True
37216301,0.85330000,30.00000000,25.59900000,1688691295973,False,True
37216302,0.85370000,157.00000000,134.03090000,1688691295973,False,True
37216303,0.85260000,30.00000000,25.57800000,1688691296479,True,True
37216304,0.85260000,4.00000000,3.41040000,1688691296479,True,True
37216305,0.85330000,17.00000000,14.50610000,1688691319771,True,True
37216306,0.85330000,13.00000000,11.09290000,1688691336479,True,True
37216307,0.85330000,18.00000000,15.35940000,1688691336479,True,True
37216308,0.85330000,22.00000000,18.77260000,1688691371479,True,True
37216309,0.85330000,14.00000000,11.94620000,1688691396479,True,True
37216310,0.85330000,5.00000000,4.26650000,1688691411479,True,True
37216311,0.85310000,20.00000000,17.06200000,1688691411479,True,True
37216312,0.85380000,12.00000000,10.24560000,1688691423880,False,True
37216313,0.85320000,28.00000000,23.88960000,1688691441479,True,True
37216314,0.85320000,20.00000000,17.06400000,1688691456479,True,True
37216315,0.85320000,11.00000000,9.38520000,1688691476479,True,True
37216316,0.85310000,3.00000000,2.55930000,1688691476479,True,True
37216317,0.85320000,31.00000000,26.44920000,1688691491479,True,True
37216318,0.85320000,28.00000000,23.88960000,1688691516479,True,True
37216319,0.85310000,7.00000000,5.97170000,1688691516479,True,True
37216320,0.85300000,1.00000000,0.85300000,1688691516479,True,True
37216321,0.85300000,16.00000000,13.64800000,1688691556479,True,True
37216322,0.85300000,31.00000000,26.44300000,1688691576479,True,True
37216323,0.85300000,23.00000000,19.61900000,1688691611479,True,True
37216324,0.85300000,15.00000000,12.79500000,1688691636479,True,True
37216325,0.85300000,13.00000000,11.08900000,1688691636479,True,True
37216326,0.85350000,30.00000000,25.60500000,1688691649823,False,True
37216327,0.85370000,30.00000000,25.61100000,1688691649823,False,True
37216328,0.85380000,18.00000000,15.36840000,1688691649823,False,True
37216329,0.85380000,67.00000000,57.20460000,1688691649823,False,True
37216330,0.85340000,30.00000000,25.60200000,1688691664630,False,True
37216331,0.85380000,206.00000000,175.88280000,1688691664630,False,True
37216332,0.85380000,1.00000000,0.85380000,1688691664633,True,True
37216333,0.85380000,59.00000000,50.37420000,1688691664768,True,True
37216334,0.85370000,24.00000000,20.48880000,1688691676479,True,True
37216335,0.85440000,130.00000000,111.07200000,1688691695504,False,True
37216336,0.85440000,72.00000000,61.51680000,1688691695508,False,True
37216337,0.85440000,130.00000000,111.07200000,1688691695509,False,True
37216338,0.85420000,27.00000000,23.06340000,1688691696479,True,True
37216339,0.85430000,27.00000000,23.06610000,1688691726479,True,True
37216340,0.85430000,3.00000000,2.56290000,1688691756479,True,True
37216341,0.85420000,3.00000000,2.56260000,1688691756479,True,True
37216342,0.85420000,11.00000000,9.39620000,1688691756479,True,True
37216343,0.85480000,30.00000000,25.64400000,1688691764037,False,True
37216344,0.85500000,30.00000000,25.65000000,1688691764041,False,True
37216345,0.85490000,64.00000000,54.71360000,1688691764046,False,True
37216346,0.85460000,30.00000000,25.63800000,1688691781479,True,True
37216347,0.85460000,2.00000000,1.70920000,1688691781479,True,True
37216348,0.85470000,30.00000000,25.64100000,1688691797802,True,True
37216349,0.85450000,64.00000000,54.68800000,1688691797802,True,True
37216350,0.85440000,30.00000000,25.63200000,1688691797802,True,True
37216351,0.85440000,26.00000000,22.21440000,1688691797802,True,True
37216352,0.85440000,32.00000000,27.34080000,1688691809417,True,True
37216353,0.85440000,30.00000000,25.63200000,1688691816479,True,True
37216354,0.85440000,23.00000000,19.65120000,1688691839818,True,True
37216355,0.85420000,20.00000000,17.08400000,1688691861479,True,True
37216356,0.85420000,19.00000000,16.22980000,1688691876479,True,True
37216357,0.85420000,16.00000000,13.66720000,1688691906514,True,True
37216358,0.85420000,25.00000000,21.35500000,1688691936492,True,True
37216359,0.85420000,8.00000000,6.83360000,1688691936492,True,True
37216360,0.85420000,32.00000000,27.33440000,1688691986478,True,True
37216361,0.85420000,8.00000000,6.83360000,1688691996478,True,True
37216362,0.85410000,4.00000000,3.41640000,1688691996478,True,True
37216363,0.85420000,20.00000000,17.08400000,1688692016478,True,True
37216364,0.85410000,2.00000000,1.70820000,1688692016478,True,True
37216365,0.85420000,20.00000000,17.08400000,1688692056510,True,True
37216366,0.85410000,6.00000000,5.12460000,1688692056510,True,True
37216367,0.85510000,30.00000000,25.65300000,1688692083380,False,True
37216368,0.85540000,8.00000000,6.84320000,1688692083380,False,True
37216369,0.85540000,45.00000000,38.49300000,1688692083380,False,True
37216370,0.85550000,39.00000000,33.36450000,1688692083380,False,True
37216371,0.85550000,91.00000000,77.85050000,1688692083380,False,True
37216372,0.85550000,202.00000000,172.81100000,1688692083380,False,True
37216373,0.85570000,28.00000000,23.95960000,1688692083380,False,True
37216374,0.85460000,29.00000000,24.78340000,1688692101478,True,True
37216375,0.85460000,13.00000000,11.10980000,1688692131477,True,True
37216376,0.85540000,30.00000000,25.66200000,1688692136065,False,True
37216377,0.85560000,30.00000000,25.66800000,1688692136069,False,True
37216378,0.85560000,119.00000000,101.81640000,1688692136069,False,True
37216379,0.85550000,12.00000000,10.26600000,1688692151477,True,True
37216380,0.85560000,27.00000000,23.10120000,1688692166479,True,True
37216381,0.85560000,3.00000000,2.56680000,1688692176479,True,True
37216382,0.85560000,13.00000000,11.12280000,1688692176479,True,True
37216383,0.85560000,19.00000000,16.25640000,1688692201479,True,True
37216384,0.85560000,12.00000000,10.26720000,1688692201479,True,True
37216385,0.85560000,33.00000000,28.23480000,1688692236479,True,True
37216386,0.85560000,468.00000000,400.42080000,1688692240082,True,True
37216387,0.85560000,79.00000000,67.59240000,1688692240082,True,True
37216388,0.85550000,18.00000000,15.39900000,1688692240084,True,True
37216389,0.85530000,30.00000000,25.65900000,1688692240084,True,True
37216390,0.85530000,91.00000000,77.83230000,1688692240084,True,True
37216391,0.85520000,199.00000000,170.18480000,1688692240084,True,True
37216392,0.85510000,272.00000000,232.58720000,1688692240089,True,True
37216393,0.85500000,440.00000000,376.20000000,1688692240089,True,True
37216394,0.85480000,262.00000000,223.95760000,1688692240092,True,True
37216395,0.85400000,30.00000000,25.62000000,1688692271759,False,True
37216396,0.85420000,30.00000000,25.62600000,1688692271759,False,True
37216397,0.85450000,30.00000000,25.63500000,1688692271759,False,True
37216398,0.85450000,97.00000000,82.88650000,1688692271759,False,True
37216399,0.85350000,30.00000000,25.60500000,1688692296479,True,True
37216400,0.85340000,4.00000000,3.41360000,1688692296479,True,True
37216401,0.85350000,30.00000000,25.60500000,1688692336479,True,True
37216402,0.85350000,2.00000000,1.70700000,1688692336479,True,True
37216403,0.85390000,16.00000000,13.66240000,1688692356479,True,True
37216404,0.85390000,15.00000000,12.80850000,1688692416479,True,True
37216405,0.85390000,13.00000000,11.10070000,1688692416479,True,True
37216406,0.85360000,28.00000000,23.90080000,1688692461479,True,True
37216407,0.85360000,15.00000000,12.80400000,1688692476479,True,True
37216408,0.85450000,30.00000000,25.63500000,1688692485613,False,True
37216409,0.85400000,15.00000000,12.81000000,1688692496479,True,True
37216410,0.85470000,22.00000000,18.80340000,1688692503035,False,True
37216411,0.85410000,15.00000000,12.81150000,1688692511479,True,True
37216412,0.85410000,15.00000000,12.81150000,1688692536478,True,True
37216413,0.85410000,12.00000000,10.24920000,1688692536478,True,True
37216414,0.85460000,30.00000000,25.63800000,1688692546497,False,True
37216415,0.85470000,8.00000000,6.83760000,1688692546497,False,True
37216416,0.85480000,20.00000000,17.09600000,1688692546497,False,True
37216417,0.85410000,20.00000000,17.08200000,1688692581478,True,True
37216418,0.85470000,30.00000000,25.64100000,1688692586162,False,True
37216419,0.85500000,59.00000000,50.44500000,1688692586162,False,True
37216420,0.85420000,11.00000000,9.39620000,1688692596478,True,True
37216421,0.85490000,30.00000000,25.64700000,1688692597213,False,True
37216422,0.85510000,116.00000000,99.19160000,1688692597213,False,True
37216423,0.85450000,29.00000000,24.78050000,1688692616478,True,True
37216424,0.85460000,18.00000000,15.38280000,1688692656479,True,True
37216425,0.85470000,13.00000000,11.11110000,1688692691479,True,True
37216426,0.85470000,17.00000000,14.52990000,1688692716479,True,True
37216427,0.85470000,2.00000000,1.70940000,1688692716479,True,True
37216428,0.85470000,16.00000000,13.67520000,1688692751479,True,True
37216429,0.85460000,12.00000000,10.25520000,1688692776479,True,True
37216430,0.85460000,2.00000000,1.70920000,1688692776479,True,True
37216431,0.85460000,9.00000000,7.69140000,1688692806479,True,True
37216432,0.85450000,1.00000000,0.85450000,1688692836479,True,True
37216433,0.85450000,7.00000000,5.98150000,1688692836479,True,True
37216434,0.85430000,30.00000000,25.62900000,1688692837659,True,True
37216435,0.85430000,142.00000000,121.31060000,1688692837659,True,True
37216436,0.85360000,12.00000000,10.24320000,1688692851479,True,True
37216437,0.85330000,21.00000000,17.91930000,1688692881479,True,True
37216438,0.85330000,12.00000000,10.23960000,1688692896479,True,True
37216439,0.85330000,12.00000000,10.23960000,1688692921479,True,True
37216440,0.85360000,30.00000000,25.60800000,1688692924179,False,True
37216441,0.85370000,95.00000000,81.10150000,1688692924179,False,True
37216442,0.85370000,62.00000000,52.92940000,1688692924179,False,True
37216443,0.85350000,117.00000000,99.85950000,1688692924188,False,True
37216444,0.85350000,18.00000000,15.36300000,1688692924192,False,True
37216445,0.85310000,20.00000000,17.06200000,1688692946479,True,True
37216446,0.85310000,4.00000000,3.41240000,1688692956479,True,True
37216447,0.85300000,19.00000000,16.20700000,1688692956479,True,True
37216448,0.85300000,20.00000000,17.06000000,1688692991479,True,True
37216449,0.85300000,9.00000000,7.67700000,1688693016479,True,True
37216450,0.85300000,11.00000000,9.38300000,1688693036479,True,True
37216451,0.85300000,14.00000000,11.94200000,1688693051479,True,True
37216452,0.85300000,18.00000000,15.35400000,1688693076479,True,True
37216453,0.85360000,17.00000000,14.51120000,1688693101732,False,True
37216454,0.85300000,21.00000000,17.91300000,1688693111479,True,True
37216455,0.85300000,8.00000000,6.82400000,1688693136479,True,True
37216456,0.85300000,18.00000000,15.35400000,1688693151479,True,True
37216457,0.85270000,21.00000000,17.90670000,1688693196479,True,True
37216458,0.85350000,16.00000000,13.65600000,1688693223157,False,True
37216459,0.85280000,16.00000000,13.64480000,1688693236512,True,True
37216460,0.85280000,15.00000000,12.79200000,1688693256479,True,True
37216461,0.85280000,20.00000000,17.05600000,1688693286479,True,True
37216462,0.85280000,8.00000000,6.82240000,1688693316479,True,True
37216463,0.85270000,2.00000000,1.70540000,1688693316479,True,True
37216464,0.85350000,67.00000000,57.18450000,1688693316549,False,True
37216465,0.85350000,34.00000000,29.01900000,1688693316549,False,True
37216466,0.85360000,13.00000000,11.09680000,1688693316552,False,True
37216467,0.85370000,195.00000000,166.47150000,1688693316556,False,True
37216468,0.85370000,67.00000000,57.19790000,1688693316567,False,True
37216469,0.85380000,30.00000000,25.61400000,1688693316567,False,True
37216470,0.85410000,30.00000000,25.62300000,1688693318948,False,True
37216471,0.85390000,17.00000000,14.51630000,1688693341479,True,True
37216472,0.85400000,15.00000000,12.81000000,1688693376479,True,True
37216473,0.85400000,17.00000000,14.51800000,1688693411479,True,True
37216474,0.85440000,30.00000000,25.63200000,1688693434882,False,True
37216475,0.85410000,12.00000000,10.24920000,1688693436479,True,True
37216476,0.85420000,14.00000000,11.95880000,1688693466479,True,True
37216477,0.85420000,9.00000000,7.68780000,1688693486479,True,True
37216478,0.85420000,7.00000000,5.97940000,1688693496479,True,True
37216479,0.85420000,13.00000000,11.10460000,1688693511479,True,True
37216480,0.85400000,449.00000000,383.44600000,1688693530094,True,True
37216481,0.85400000,475.00000000,405.65000000,1688693530098,True,True
37216482,0.85330000,11.00000000,9.38630000,1688693541479,True,True
37216483,0.85370000,28.00000000,23.90360000,1688693556479,True,True
37216484,0.85370000,61.00000000,52.07570000,1688693572152,True,True
37216485,0.85380000,21.00000000,17.92980000,1688693591479,True,True
37216486,0.85440000,30.00000000,25.63200000,1688693614914,False,True
37216487,0.85470000,23.00000000,19.65810000,1688693616479,True,True
37216488,0.85600000,10.00000000,8.56000000,1688693653862,False,True
37216489,0.85600000,22.00000000,18.83200000,1688693656479,True,True
37216490,0.85610000,8.00000000,6.84880000,1688693676479,True,True
37216491,0.85650000,30.00000000,25.69500000,1688693676542,False,True
37216492,0.85680000,13.00000000,11.13840000,1688693691509,True,True
37216493,0.85690000,19.00000000,16.28110000,1688693716479,True,True
37216494,0.85700000,55.00000000,47.13500000,1688693734867,False,True
37216495,0.85720000,13.00000000,11.14360000,1688693736370,False,True
37216496,0.85740000,10.00000000,8.57400000,1688693736479,True,True
37216497,0.85720000,17.00000000,14.57240000,1688693796479,True,True
37216498,0.85770000,8.00000000,6.86160000,1688693831479,True,True
37216499,0.85780000,11.00000000,9.43580000,1688693856479,True,True
37216500,0.85820000,87.00000000,74.66340000,1688693879084,False,True
37216501,0.85840000,30.00000000,25.75200000,1688693879087,False,True
37216502,0.85850000,6.00000000,5.15100000,1688693879087,False,True
37216503,0.85850000,60.00000000,51.51000000,1688693879087,False,True
37216504,0.85860000,14.00000000,12.02040000,1688693886510,True,True
37216505,0.85860000,10.00000000,8.58600000,1688693916479,True,True
37216506,0.85860000,7.00000000,6.01020000,1688693951654,True,True
37216507,0.85860000,11.00000000,9.44460000,1688693956479,True,True
37216508,0.85860000,320.00000000,274.75200000,1688693956688,True,True
37216509,0.85860000,68.00000000,58.38480000,1688693956692,True,True
37216510,0.85860000,57.00000000,48.94020000,1688693956695,True,True
37216511,0.85810000,99.00000000,84.95190000,1688693957970,False,True
37216512,0.85820000,78.00000000,66.93960000,1688693957970,False,True
37216513,0.85850000,284.00000000,243.81400000,1688693957970,False,True
37216514,0.85860000,60.00000000,51.51600000,1688693957970,False,True
37216515,0.85800000,24.00000000,20.59200000,1688693976479,True,True
37216516,0.85790000,2.00000000,1.71580000,1688693976479,True,True
37216517,0.85840000,13.00000000,11.15920000,1688694004179,False,True
37216518,0.85800000,13.00000000,11.15400000,1688694016479,True,True
37216519,0.85800000,17.00000000,14.58600000,1688694036479,True,True
37216520,0.85800000,3.00000000,2.57400000,1688694036479,True,True
37216521,0.85800000,10.00000000,8.58000000,1688694057835,True,True
37216522,0.85810000,7.00000000,6.00670000,1688694076479,True,True
37216523,0.85790000,9.00000000,7.72110000,1688694076479,True,True
37216524,0.85780000,93.00000000,79.77540000,1688694079495,True,True
37216525,0.85770000,7.00000000,6.00390000,1688694079495,True,True
37216526,0.85770000,13.00000000,11.15010000,1688694096479,True,True
37216527,0.85710000,60.00000000,51.42600000,1688694107180,True,True
37216528,0.85710000,93.00000000,79.71030000,1688694107180,True,True
37216529,0.85700000,47.00000000,40.27900000,1688694107180,True,True
37216530,0.85710000,20.00000000,17.14200000,1688694126479,True,True
37216531,0.85710000,24.00000000,20.57040000,1688694133474,True,True
37216532,0.85700000,16.00000000,13.71200000,1688694156479,True,True
37216533,0.85720000,16.00000000,13.71520000,1688694191480,True,True
37216534,0.85750000,13.00000000,11.14750000,1688694216479,True,True
37216535,0.85750000,12.00000000,10.29000000,1688694241479,True,True
37216536,0.85780000,91.00000000,78.05980000,1688694255447,False,True
37216537,0.85780000,10.00000000,8.57800000,1688694276479,True,True
37216538,0.85790000,13.00000000,11.15270000,1688694301479,True,True
37216539,0.85780000,1.00000000,0.85780000,1688694301479,True,True
37216540,0.85820000,473.00000000,405.92860000,1688694305376,False,True
37216541,0.85860000,30.00000000,25.75800000,1688694305392,False,True
37216542,0.85880000,30.00000000,25.76400000,1688694305494,False,True
37216543,0.85890000,8.00000000,6.87120000,1688694305494,False,True
37216544,0.85900000,39.00000000,33.50100000,1688694305494,False,True
37216545,0.85930000,156.00000000,134.05080000,1688694305494,False,True
37216546,0.85930000,233.00000000,200.21690000,1688694305500,False,True
37216547,0.85930000,41.00000000,35.23130000,1688694316661,False,True
37216548,0.85900000,30.00000000,25.77000000,1688694320311,True,True
37216549,0.85900000,256.00000000,219.90400000,1688694320311,True,True
37216550,0.85900000,104.00000000,89.33600000,1688694320314,True,True
37216551,0.85900000,182.00000000,156.33800000,1688694320317,True,True
37216552,0.85880000,30.00000000,25.76400000,1688694325520,False,True
37216553,0.85850000,14.00000000,12.01900000,1688694326479,True,True
37216554,0.85860000,11.00000000,9.44460000,1688694335230,False,True
37216555,0.85820000,23.00000000,19.73860000,1688694336479,True,True
37216556,0.85820000,7.00000000,6.00740000,1688694336975,True,True
37216557,0.85810000,11.00000000,9.43910000,1688694336975,True,True
37216558,0.85810000,23.00000000,19.73630000,1688694366479,True,True
37216559,0.85800000,12.00000000,10.29600000,1688694366479,True,True
37216560,0.85820000,11.00000000,9.44020000,1688694396479,True,True
37216561,0.85800000,5.00000000,4.29000000,1688694396479,True,True
37216562,0.85810000,23.00000000,19.73630000,1688694426479,True,True
37216563,0.85810000,18.00000000,15.44580000,1688694456479,True,True
37216564,0.85840000,35.00000000,30.04400000,1688694481383,False,True
37216565,0.85850000,23.00000000,19.74550000,1688694481383,False,True
37216566,0.85850000,7.00000000,6.00950000,1688694490780,False,True
37216567,0.85850000,30.00000000,25.75500000,1688694490780,False,True
37216568,0.85900000,14.00000000,12.02600000,1688694516479,True,True
37216569,0.85920000,10.00000000,8.59200000,1688694536479,True,True
37216570,0.85940000,39.00000000,33.51660000,1688694543803,False,True
37216571,0.85950000,91.00000000,78.21450000,1688694543803,False,True
37216572,0.85960000,12.00000000,10.31520000,1688694543803,False,True
37216573,0.85960000,348.00000000,299.14080000,1688694543803,False,True
37216574,0.85980000,12.00000000,10.31760000,1688694543803,False,True
37216575,0.86000000,17.00000000,14.62000000,1688694543803,False,True
37216576,0.86020000,183.00000000,157.41660000,1688694543803,False,True
37216577,0.86060000,125.00000000,107.57500000,1688694543803,False,True
37216578,0.86070000,10.00000000,8.60700000,1688694543803,False,True
37216579,0.86070000,51.00000000,43.89570000,1688694543803,False,True
37216580,0.86080000,221.00000000,190.23680000,1688694543803,False,True
37216581,0.85970000,9.00000000,7.73730000,1688694546210,True,True
37216582,0.85970000,26.00000000,22.35220000,1688694546219,True,True
37216583,0.85970000,17.00000000,14.61490000,1688694556479,True,True
37216584,0.86000000,92.00000000,79.12000000,1688694563723,False,True
37216585,0.86000000,11.00000000,9.46000000,1688694563735,True,True
37216586,0.86040000,174.00000000,149.70960000,1688694576297,False,True
37216587,0.86050000,30.00000000,25.81500000,1688694576297,False,True
37216588,0.86050000,99.00000000,85.18950000,1688694576297,False,True
37216589,0.86060000,30.00000000,25.81800000,1688694576479,True,True
37216590,0.86050000,25.00000000,21.51250000,1688694584903,False,True
37216591,0.86030000,14.00000000,12.04420000,1688694611479,True,True
37216592,0.86020000,10.00000000,8.60200000,1688694636479,True,True
37216593,0.86020000,9.00000000,7.74180000,1688694656479,True,True
37216594,0.86020000,29.00000000,24.94580000,1688694662471,True,True
37216595,0.85990000,88.00000000,75.67120000,1688694662471,True,True
37216596,0.85970000,13.00000000,11.17610000,1688694662471,True,True
37216597,0.85970000,105.00000000,90.26850000,1688694662471,True,True
37216598,0.85960000,224.00000000,192.55040000,1688694662471,True,True
37216599,0.85950000,10.00000000,8.59500000,1688694662471,True,True
37216600,0.85960000,17.00000000,14.61320000,1688694666502,True,True
37216601,0.85870000,20.00000000,17.17400000,1688694696510,True,True
37216602,0.85870000,18.00000000,15.45660000,1688694721479,True,True
37216603,0.85920000,30.00000000,25.77600000,1688694736797,False,True
37216604,0.85990000,24.00000000,20.63760000,1688694756479,True,True
37216605,0.86020000,95.00000000,81.71900000,1688694786329,False,True
37216606,0.86040000,23.00000000,19.78920000,1688694791479,True,True
37216607,0.86060000,53.00000000,45.61180000,1688694793146,False,True
37216608,0.86060000,59.00000000,50.77540000,1688694793146,False,True
37216609,0.86070000,99.00000000,85.20930000,1688694793146,False,True
37216610,0.86080000,67.00000000,57.67360000,1688694793366,True,True
37216611,0.86080000,21.00000000,18.07680000,1688694799692,True,True
37216612,0.86030000,52.00000000,44.73560000,1688694815381,False,True
37216613,0.85990000,26.00000000,22.35740000,1688694816479,True,True
37216614,0.86030000,57.00000000,49.03710000,1688694824213,False,True
37216615,0.86030000,4.00000000,3.44120000,1688694833124,True,True
37216616,0.86010000,18.00000000,15.48180000,1688694833124,True,True
37216617,0.86030000,12.00000000,10.32360000,1688694838375,False,True
37216618,0.86000000,13.00000000,11.18000000,1688694856479,True,True
37216619,0.86040000,30.00000000,25.81200000,1688694859130,False,True
37216620,0.86060000,30.00000000,25.81800000,1688694859130,False,True
37216621,0.86060000,39.00000000,33.56340000,1688694859130,False,True
37216622,0.86080000,30.00000000,25.82400000,1688694859130,False,True
37216623,0.86080000,103.00000000,88.66240000,1688694859130,False,True
37216624,0.86080000,129.00000000,111.04320000,1688694859132,False,True
37216625,0.86090000,13.00000000,11.19170000,1688694859132,False,True
37216626,0.86100000,90.00000000,77.49000000,1688694859132,False,True
37216627,0.86100000,41.00000000,35.30100000,1688694859134,False,True
37216628,0.86110000,17.00000000,14.63870000,1688694859134,False,True
37216629,0.86120000,174.00000000,149.84880000,1688694859134,False,True
37216630,0.86130000,92.00000000,79.23960000,1688694864262,True,True
37216631,0.86130000,39.00000000,33.59070000,1688694864357,False,True
37216632,0.86120000,103.00000000,88.70360000,1688694864793,True,True
37216633,0.86120000,19.00000000,16.36280000,1688694864793,True,True
37216634,0.86120000,88.00000000,75.78560000,1688694864793,True,True
37216635,0.86110000,48.00000000,41.33280000,1688694864793,True,True
37216636,0.86100000,30.00000000,25.83000000,1688694864793,True,True
37216637,0.86090000,30.00000000,25.82700000,1688694864793,True,True
37216638,0.86070000,30.00000000,25.82100000,1688694864793,True,True
37216639,0.86060000,32.00000000,27.53920000,1688694864793,True,True
37216640,0.86060000,87.00000000,74.87220000,1688694865281,False,True
37216641,0.86030000,84.00000000,72.26520000,1688694867690,True,True
37216642,0.86040000,38.00000000,32.69520000,1688694876479,True,True
37216643,0.86010000,28.00000000,24.08280000,1688694921479,True,True
37216644,0.86010000,26.00000000,22.36260000,1688694936479,True,True
37216645,0.86000000,25.00000000,21.50000000,1688694958371,True,True
37216646,0.85970000,17.00000000,14.61490000,1688694971479,True,True
37216647,0.86010000,8.00000000,6.88080000,1688694974276,False,True
37216648,0.86030000,86.00000000,73.98580000,1688694985976,False,True
37216649,0.86040000,48.00000000,41.29920000,1688694985976,False,True
37216650,0.85970000,28.00000000,24.07160000,1688694996479,True,True
37216651,0.85970000,1.00000000,0.85970000,1688694996479,True,True
37216652,0.85970000,11.00000000,9.45670000,1688695041479,True,True
37216653,0.85970000,26.00000000,22.35220000,1688695056479,True,True
37216654,0.85970000,13.00000000,11.17610000,1688695096479,True,True
37216655,0.85970000,83.00000000,71.35510000,1688695100404,True,True
37216656,0.85970000,14.00000000,12.03580000,1688695100404,True,True
37216657,0.85950000,48.00000000,41.25600000,1688695100404,True,True
37216658,0.85940000,38.00000000,32.65720000,1688695100404,True,True
37216659,0.85930000,51.00000000,43.82430000,1688695100404,True,True
37216660,0.85920000,174.00000000,149.50080000,1688695100404,True,True
37216661,0.85920000,699.00000000,600.58080000,1688695100404,True,True
37216662,0.85830000,30.00000000,25.74900000,1688695116479,True,True
37216663,0.85870000,101.00000000,86.72870000,1688695133728,False,True
37216664,0.85880000,95.00000000,81.58600000,1688695133728,False,True
37216665,0.85880000,48.00000000,41.22240000,1688695133728,False,True
37216666,0.85910000,232.00000000,199.31120000,1688695133728,False,True
37216667,0.85930000,30.00000000,25.77900000,1688695133728,False,True
37216668,0.85940000,294.00000000,252.66360000,1688695133728,False,True
37216669,0.85950000,30.00000000,25.78500000,1688695133728,False,True
37216670,0.85950000,177.00000000,152.13150000,1688695133728,False,True
37216671,0.85960000,70.00000000,60.17200000,1688695133728,False,True
37216672,0.85970000,30.00000000,25.79100000,1688695133728,False,True
37216673,0.85970000,97.00000000,83.39090000,1688695133728,False,True
37216674,0.85980000,107.00000000,91.99860000,1688695133728,False,True
37216675,0.85980000,278.00000000,239.02440000,1688695133728,False,True
37216676,0.85990000,431.00000000,370.61690000,1688695133728,False,True
37216677,0.86000000,279.00000000,239.94000000,1688695133730,True,True
37216678,0.86000000,1701.00000000,1462.86000000,1688695133730,True,True
37216679,0.85900000,30.00000000,25.77000000,1688695135599,True,True
37216680,0.85890000,86.00000000,73.86540000,1688695135599,True,True
37216681,0.85890000,4.00000000,3.43560000,1688695156479,True,True
37216682,0.85890000,15.00000000,12.88350000,1688695156479,True,True
37216683,0.85900000,25.00000000,21.47500000,1688695176479,True,True
37216684,0.85900000,5.00000000,4.29500000,1688695201479,True,True
37216685,0.85900000,28.00000000,24.05200000,1688695201479,True,True
37216686,0.85930000,97.00000000,83.35210000,1688695224543,False,True
37216687,0.85940000,30.00000000,25.78200000,1688695224543,False,True
37216688,0.85950000,103.00000000,88.52850000,1688695224543,False,True
37216689,0.86000000,171.00000000,147.06000000,1688695224543,False,True
37216690,0.86000000,20.00000000,17.20000000,1688695224543,False,True
37216691,0.86010000,250.00000000,215.02500000,1688695224543,False,True
37216692,0.86020000,473.00000000,406.87460000,1688695224543,False,True
37216693,0.86020000,300.00000000,258.06000000,1688695224543,False,True
37216694,0.86020000,248.00000000,213.32960000,1688695224547,True,True
37216695,0.86020000,250.00000000,215.05000000,1688695224548,True,True
37216696,0.86020000,58.00000000,49.89160000,1688695224550,True,True
37216697,0.85950000,30.00000000,25.78500000,1688695236479,True,True
37216698,0.85940000,35.00000000,30.07900000,1688695236479,True,True
37216699,0.85950000,30.00000000,25.78500000,1688695276479,True,True
37216700,0.85940000,34.00000000,29.21960000,1688695276479,True,True
37216701,0.85930000,30.00000000,25.77900000,1688695296479,True,True
37216702,0.85920000,17.00000000,14.60640000,1688695296479,True,True
37216703,0.85900000,46.00000000,39.51400000,1688695336498,True,True
37216704,0.85910000,28.00000000,24.05480000,1688695356510,True,True
37216705,0.85910000,39.00000000,33.50490000,1688695381479,True,True
37216706,0.85870000,30.00000000,25.76100000,1688695416479,True,True
37216707,0.85860000,43.00000000,36.91980000,1688695421573,True,True
37216708,0.85860000,102.00000000,87.57720000,1688695421573,True,True
37216709,0.85840000,232.00000000,199.14880000,1688695421573,True,True
37216710,0.85840000,29.00000000,24.89360000,1688695421573,True,True
37216711,0.85850000,16.00000000,13.73600000,1688695456479,True,True
37216712,0.85850000,24.00000000,20.60400000,1688695476498,True,True
37216713,0.85900000,22.00000000,18.89800000,1688695476944,False,True
37216714,0.85900000,251.00000000,215.60900000,1688695504189,False,True
37216715,0.85920000,30.00000000,25.77600000,1688695504206,False,True
37216716,0.85880000,19.00000000,16.31720000,1688695511479,True,True
37216717,0.85900000,19.00000000,16.32100000,1688695536479,True,True
37216718,0.85900000,14.00000000,12.02600000,1688695561479,True,True
37216719,0.85870000,24.00000000,20.60880000,1688695596479,True,True
37216720,0.85870000,25.00000000,21.46750000,1688695636479,True,True
37216721,0.85930000,36.00000000,30.93480000,1688695650338,False,True
37216722,0.85880000,21.00000000,18.03480000,1688695656479,True,True
37216723,0.85880000,7.00000000,6.01160000,1688695686479,True,True
37216724,0.85880000,3.00000000,2.57640000,1688695686479,True,True
37216725,0.85860000,21.00000000,18.03060000,1688695706479,True,True
37216726,0.85880000,20.00000000,17.17600000,1688695716479,True,True
37216727,0.85880000,11.00000000,9.44680000,1688695756479,True,True
37216728,0.85880000,17.00000000,14.59960000,1688695776479,True,True
37216729,0.85860000,7.00000000,6.01020000,1688695836479,True,True
37216730,0.85850000,16.00000000,13.73600000,1688695851479,True,True
37216731,0.85850000,18.00000000,15.45300000,1688695886479,True,True
37216732,0.85850000,10.00000000,8.58500000,1688695896479,True,True
37216733,0.85910000,22.00000000,18.90020000,1688695912369,False,True
37216734,0.85850000,9.00000000,7.72650000,1688695916479,True,True
37216735,0.85850000,6.00000000,5.15100000,1688695916479,True,True
37216736,0.85870000,62.00000000,53.23940000,1688695944674,True,True
37216737,0.85860000,67.00000000,57.52620000,1688695944674,True,True
37216738,0.85860000,274.00000000,235.25640000,1688695944674,True,True
37216739,0.85850000,584.00000000,501.36400000,1688695944674,True,True
37216740,0.85840000,53.00000000,45.49520000,1688695944674,True,True
37216741,0.85820000,14.00000000,12.01480000,1688695956479,True,True
37216742,0.85780000,21.00000000,18.01380000,1688695976479,True,True
37216743,0.85810000,8.00000000,6.86480000,1688695990205,False,True
37216744,0.85800000,21.00000000,18.01800000,1688696006479,True,True
37216745,0.85800000,14.00000000,12.01200000,1688696016481,True,True
37216746,0.85800000,24.00000000,20.59200000,1688696041479,True,True
37216747,0.85800000,21.00000000,18.01800000,1688696076479,True,True
37216748,0.85800000,14.00000000,12.01200000,1688696111479,True,True
37216749,0.85800000,16.00000000,13.72800000,1688696136479,True,True
37216750,0.85800000,21.00000000,18.01800000,1688696171479,True,True
37216751,0.85800000,16.00000000,13.72800000,1688696196479,True,True
37216752,0.85800000,11.00000000,9.43800000,1688696221479,True,True
37216753,0.85800000,12.00000000,10.29600000,1688696256479,True,True
37216754,0.85800000,13.00000000,11.15400000,1688696276479,True,True
37216755,0.85780000,5.00000000,4.28900000,1688696276479,True,True
37216756,0.85780000,18.00000000,15.44040000,1688696316479,True,True
37216757,0.85820000,65.00000000,55.78300000,1688696333689,False,True
37216758,0.85830000,30.00000000,25.74900000,1688696333716,False,True
37216759,0.85890000,16.00000000,13.74240000,1688696336735,False,True
37216760,0.85880000,101.00000000,86.73880000,1688696343762,False,True
37216761,0.85890000,27.00000000,23.19030000,1688696343762,False,True
37216762,0.85890000,58.00000000,49.81620000,1688696343762,False,True
37216763,0.85890000,47.00000000,40.36830000,1688696343780,False,True
37216764,0.85910000,14.00000000,12.02740000,1688696351479,True,True
37216765,0.85910000,9.00000000,7.73190000,1688696376479,True,True
37216766,0.85910000,7.00000000,6.01370000,1688696388435,True,True
37216767,0.85910000,31.00000000,26.63210000,1688696388435,True,True
37216768,0.85910000,22.00000000,18.90020000,1688696396479,True,True
37216769,0.85910000,7.00000000,6.01370000,1688696403124,True,True
37216770,0.85910000,3.00000000,2.57730000,1688696436479,True,True
37216771,0.85900000,5.00000000,4.29500000,1688696436479,True,True
37216772,0.85900000,11.00000000,9.44900000,1688696456479,True,True
37216773,0.85900000,13.00000000,11.16700000,1688696481479,True,True
37216774,0.85840000,21.00000000,18.02640000,1688696496479,True,True
37216775,0.85910000,232.00000000,199.31120000,1688696523986,False,True
37216776,0.85920000,30.00000000,25.77600000,1688696524094,False,True
37216777,0.85940000,30.00000000,25.78200000,1688696524246,False,True
37216778,0.85960000,30.00000000,25.78800000,1688696524581,False,True
37216779,0.85970000,94.00000000,80.81180000,1688696525080,False,True
37216780,0.85950000,19.00000000,16.33050000,1688696536479,True,True
37216781,0.85960000,10.00000000,8.59600000,1688696556480,True,True
37216782,0.85990000,94.00000000,80.83060000,1688696571128,False,True
37216783,0.86010000,30.00000000,25.80300000,1688696571136,False,True
37216784,0.85990000,20.00000000,17.19800000,1688696576479,True,True
37216785,0.86000000,30.00000000,25.80000000,1688696598763,True,True
37216786,0.86000000,9.00000000,7.74000000,1688696598763,True,True
37216787,0.85990000,10.00000000,8.59900000,1688696598763,True,True
37216788,0.85990000,93.00000000,79.97070000,1688696598763,True,True
37216789,0.85980000,87.00000000,74.80260000,1688696598763,True,True
37216790,0.85970000,30.00000000,25.79100000,1688696598763,True,True
37216791,0.85970000,8.00000000,6.87760000,1688696598763,True,True
37216792,0.85960000,20.00000000,17.19200000,1688696606329,True,True
37216793,0.85960000,946.00000000,813.18160000,1688696606329,True,True
37216794,0.85960000,414.00000000,355.87440000,1688696606362,True,True
37216795,0.85960000,144.00000000,123.78240000,1688696606365,True,True
37216796,0.85960000,261.00000000,224.35560000,1688696606369,True,True
37216797,0.85960000,350.00000000,300.86000000,1688696606372,True,True
37216798,0.85960000,211.00000000,181.37560000,1688696606372,True,True
37216799,0.85950000,11.00000000,9.45450000,1688696606375,True,True
37216800,0.85900000,37.00000000,31.78300000,1688696616479,True,True
37216801,0.85950000,30.00000000,25.78500000,1688696640511,False,True
37216802,0.85960000,94.00000000,80.80240000,1688696640511,False,True
37216803,0.85970000,30.00000000,25.79100000,1688696640511,False,True
37216804,0.85970000,78.00000000,67.05660000,1688696640511,False,True
37216805,0.85960000,25.00000000,21.49000000,1688696651486,True,True
37216806,0.85960000,16.00000000,13.75360000,1688696666480,True,True
37216807,0.85960000,10.00000000,8.59600000,1688696666480,True,True
37216808,0.85960000,22.00000000,18.91120000,1688696676479,True,True
37216809,0.85960000,8.00000000,6.87680000,1688696701479,True,True
37216810,0.85950000,21.00000000,18.04950000,1688696701479,True,True
37216811,0.85950000,6.00000000,5.15700000,1688696703035,True,True
37216812,0.85940000,27.00000000,23.20380000,1688696736479,True,True
37216813,0.85970000,30.00000000,25.79100000,1688696759511,False,True
37216814,0.85980000,87.00000000,74.80260000,1688696759511,False,True
37216815,0.85990000,30.00000000,25.79700000,1688696759511,False,True
37216816,0.86010000,30.00000000,25.80300000,1688696759511,False,True
37216817,0.86010000,9.00000000,7.74090000,1688696759511,False,True
37216818,0.85960000,24.00000000,20.63040000,1688696776479,True,True
37216819,0.85960000,6.00000000,5.15760000,1688696781442,True,True
37216820,0.85960000,19.00000000,16.33240000,1688696781442,True,True
37216821,0.85950000,87.00000000,74.77650000,1688696781442,True,True
37216822,0.85940000,30.00000000,25.78200000,1688696781442,True,True
37216823,0.85940000,43.00000000,36.95420000,1688696781442,True,True
37216824,0.85940000,96.00000000,82.50240000,1688696781442,True,True
37216825,0.85920000,11.00000000,9.45120000,1688696781442,True,True
37216826,0.85920000,29.00000000,24.91680000,1688696796479,True,True
37216827,0.85930000,49.00000000,42.10570000,1688696814202,True,True
37216828,0.85920000,41.00000000,35.22720000,1688696814202,True,True
37216829,0.85910000,26.00000000,22.33660000,1688696831479,True,True
37216830,0.85920000,30.00000000,25.77600000,1688696853742,True,True
37216831,0.85910000,85.00000000,73.02350000,1688696853742,True,True
37216832,0.85910000,20.00000000,17.18200000,1688696856478,True,True
37216833,0.85910000,30.00000000,25.77300000,1688696886478,True,True
37216834,0.85910000,17.00000000,14.60470000,1688696916478,True,True
37216835,0.85910000,9.00000000,7.73190000,1688696946481,True,True
37216836,0.85950000,45.00000000,38.67750000,1688696963928,False,True
37216837,0.85960000,30.00000000,25.78800000,1688696963932,False,True
37216838,0.85960000,87.00000000,74.78520000,1688696963932,False,True
37216839,0.85960000,43.00000000,36.96280000,1688696963932,False,True
37216840,0.85970000,100.00000000,85.97000000,1688696963937,False,True
37216841,0.85950000,21.00000000,18.04950000,1688696976479,True,True
37216842,0.85950000,9.00000000,7.73550000,1688697016479,True,True
37216843,0.85950000,11.00000000,9.45450000,1688697016479,True,True
37216844,0.85980000,30.00000000,25.79400000,1688697034636,False,True
37216845,0.85990000,96.00000000,82.55040000,1688697034636,False,True
37216846,0.86000000,30.00000000,25.80000000,1688697034636,False,True
37216847,0.86020000,30.00000000,25.80600000,1688697034636,False,True
37216848,0.85980000,14.00000000,12.03720000,1688697036479,True,True
37216849,0.86010000,30.00000000,25.80300000,1688697047979,False,True
37216850,0.86020000,92.00000000,79.13840000,1688697047979,False,True
37216851,0.86030000,23.00000000,19.78690000,1688697047979,False,True
37216852,0.86030000,445.00000000,382.83350000,1688697053334,False,True
37216853,0.86030000,361.00000000,310.56830000,1688697053338,False,True
37216854,0.86040000,203.00000000,174.66120000,1688697053341,False,True
37216855,0.86040000,246.00000000,211.65840000,1688697053341,False,True
37216856,0.86110000,47.00000000,40.47170000,1688697053345,False,True
37216857,0.86090000,30.00000000,25.82700000,1688697056563,True,True
37216858,0.86090000,59.00000000,50.79310000,1688697056563,True,True
37216859,0.86080000,99.00000000,85.21920000,1688697056563,True,True
37216860,0.86070000,1.00000000,0.86070000,1688697056563,True,True
37216861,0.86070000,58.00000000,49.92060000,1688697071385,True,True
37216862,0.86070000,31.00000000,26.68170000,1688697071385,True,True
37216863,0.86070000,14.00000000,12.04980000,1688697071479,True,True
37216864,0.86070000,14.00000000,12.04980000,1688697095390,True,True
37216865,0.86050000,30.00000000,25.81500000,1688697095390,True,True
37216866,0.86040000,232.00000000,199.61280000,1688697095390,True,True
37216867,0.86020000,32.00000000,27.52640000,1688697095390,True,True
37216868,0.86010000,258.00000000,221.90580000,1688697095390,True,True
37216869,0.86000000,87.00000000,74.82000000,1688697095390,True,True
37216870,0.85990000,13.00000000,11.17870000,1688697096479,True,True
37216871,0.85990000,15.00000000,12.89850000,1688697116479,True,True
37216872,0.86040000,107.00000000,92.06280000,1688697144826,False,True
37216873,0.86060000,30.00000000,25.81800000,1688697156442,False,True
37216874,0.86030000,21.00000000,18.06630000,1688697156479,True,True
37216875,0.86090000,30.00000000,25.82700000,1688697164685,True,True
37216876,0.86090000,58.00000000,49.93220000,1688697164685,True,True
37216877,0.86090000,26.00000000,22.38340000,1688697164685,True,True
37216878,0.86080000,86.00000000,74.02880000,1688697164685,True,True
37216879,0.86070000,19.00000000,16.35330000,1688697191506,True,True
37216880,0.86070000,11.00000000,9.46770000,1688697216479,True,True
37216881,0.86070000,4.00000000,3.44280000,1688697216479,True,True
37216882,0.86070000,27.00000000,23.23890000,1688697236479,True,True
37216883,0.86070000,23.00000000,19.79610000,1688697276479,True,True
37216884,0.86070000,10.00000000,8.60700000,1688697311479,True,True
37216885,0.86070000,16.00000000,13.77120000,1688697336479,True,True
37216886,0.86070000,19.00000000,16.35330000,1688697376479,True,True
37216887,0.86070000,12.00000000,10.32840000,1688697396486,True,True
37216888,0.86070000,19.00000000,16.35330000,1688697426479,True,True
37216889,0.86110000,30.00000000,25.83300000,1688697454614,False,True
37216890,0.86080000,8.00000000,6.88640000,1688697456479,True,True
37216891,0.86080000,16.00000000,13.77280000,1688697471479,True,True
37216892,0.86080000,18.00000000,15.49440000,1688697516479,True,True
37216893,0.86080000,13.00000000,11.19040000,1688697561479,True,True
37216894,0.86070000,8.00000000,6.88560000,1688697576479,True,True
37216895,0.86080000,15.00000000,12.91200000,1688697591479,True,True
37216896,0.86080000,16.00000000,13.77280000,1688697636479,True,True
37216897,0.86080000,15.00000000,12.91200000,1688697636483,True,True
37216898,0.86080000,103.00000000,88.66240000,1688697636486,True,True
37216899,0.86080000,15.00000000,12.91200000,1688697636491,True,True
37216900,0.86080000,98.00000000,84.35840000,1688697636661,False,True
37216901,0.86090000,30.00000000,25.82700000,1688697636661,False,True
37216902,0.86100000,57.00000000,49.07700000,1688697636661,False,True
37216903,0.86080000,15.00000000,12.91200000,1688697681479,True,True
37216904,0.86060000,10.00000000,8.60600000,1688697696479,True,True
37216905,0.86060000,20.00000000,17.21200000,1688697706072,True,True
37216906,0.86050000,247.00000000,212.54350000,1688697706076,True,True
37216907,0.86040000,30.00000000,25.81200000,1688697706080,True,True
37216908,0.86030000,45.00000000,38.71350000,1688697706093,True,True
37216909,0.86030000,275.00000000,236.58250000,1688697706098,True,True
37216910,0.86050000,30.00000000,25.81500000,1688697706195,False,True
37216911,0.86000000,10.00000000,8.60000000,1688697721494,True,True
37216912,0.86000000,11.00000000,9.46000000,1688697741479,True,True
37216913,0.86000000,9.00000000,7.74000000,1688697756479,True,True
37216914,0.86000000,8.00000000,6.88000000,1688697776479,True,True
37216915,0.86000000,2.00000000,1.72000000,1688697776479,True,True
37216916,0.86000000,9.00000000,7.74000000,1688697806479,True,True
37216917,0.85980000,14.00000000,12.03720000,1688697816479,True,True
37216918,0.85960000,15.00000000,12.89400000,1688697846479,True,True
37216919,0.85960000,13.00000000,11.17480000,1688697876479,True,True
37216920,0.85960000,17.00000000,14.61320000,1688697901479,True,True
37216921,0.86020000,43.00000000,36.98860000,1688697915708,False,True
37216922,0.86020000,8.00000000,6.88160000,1688697915708,False,True
37216923,0.86030000,14.00000000,12.04420000,1688697936479,True,True
37216924,0.86070000,23.00000000,19.79610000,1688697941089,False,True
37216925,0.86070000,7.00000000,6.02490000,1688697941151,False,True
37216926,0.86090000,30.00000000,25.82700000,1688697941175,False,True
37216927,0.86060000,19.00000000,16.35140000,1688697971479,True,True
37216928,0.86070000,8.00000000,6.88560000,1688697996479,True,True
37216929,0.86110000,30.00000000,25.83300000,1688698014994,False,True
37216930,0.86130000,14.00000000,12.05820000,1688698021479,True,True
37216931,0.86130000,8.00000000,6.89040000,1688698056479,True,True
37216932,0.86120000,2.00000000,1.72240000,1688698056479,True,True
37216933,0.86130000,10.00000000,8.61300000,1688698091479,True,True
37216934,0.86140000,14.00000000,12.05960000,1688698116479,True,True
37216935,0.86150000,24.00000000,20.67600000,1688698152177,True,True
37216936,0.86180000,33.00000000,28.43940000,1688698153175,False,True
37216937,0.86180000,30.00000000,25.85400000,1688698153179,False,True
37216938,0.86180000,12.00000000,10.34160000,1688698156479,True,True
37216939,0.86160000,11.00000000,9.47760000,1688698176479,True,True
37216940,0.86170000,30.00000000,25.85100000,1688698177344,False,True
37216941,0.86180000,96.00000000,82.73280000,1688698177344,False,True
37216942,0.86190000,59.00000000,50.85210000,1688698177344,False,True
37216943,0.86180000,7.00000000,6.03260000,1688698206489,True,True
37216944,0.86160000,9.00000000,7.75440000,1688698226479,True,True
37216945,0.86160000,32.00000000,27.57120000,1688698235340,True,True
37216946,0.86140000,16.00000000,13.78240000,1688698235344,True,True
37216947,0.86140000,43.00000000,37.04020000,1688698235344,True,True
37216948,0.86140000,174.00000000,149.88360000,1688698235344,True,True
37216949,0.86130000,30.00000000,25.83900000,1688698235351,True,True
37216950,0.86120000,26.00000000,22.39120000,1688698235354,True,True
37216951,0.86090000,7.00000000,6.02630000,1688698236479,True,True
37216952,0.86120000,9.00000000,7.75080000,1688698256479,True,True
37216953,0.86120000,8.00000000,6.88960000,1688698296479,True,True
37216954,0.86120000,6.00000000,5.16720000,1688698302416,True,True
37216955,0.86090000,14.00000000,12.05260000,1688698321479,True,True
37216956,0.86090000,8.00000000,6.88720000,1688698356479,True,True
37216957,0.86090000,14.00000000,12.05260000,1688698356485,True,True
37216958,0.86080000,15.00000000,12.91200000,1688698381479,True,True
37216959,0.86090000,9.00000000,7.74810000,1688698416479,True,True
37216960,0.86090000,11.00000000,9.46990000,1688698446479,True,True
37216961,0.86090000,11.00000000,9.46990000,1688698476479,True,True
37216962,0.86090000,12.00000000,10.33080000,1688698511479,True,True
37216963,0.86090000,9.00000000,7.74810000,1688698536479,True,True
37216964,0.86090000,9.00000000,7.74810000,1688698576479,True,True
37216965,0.86090000,7.00000000,6.02630000,1688698596479,True,True
37216966,0.86090000,8.00000000,6.88720000,1688698621478,True,True
37216967,0.86090000,10.00000000,8.60900000,1688698656477,True,True
37216968,0.86090000,9.00000000,7.74810000,1688698701478,True,True
37216969,0.86090000,9.00000000,7.74810000,1688698716478,True,True
37216970,0.86090000,34.00000000,29.27060000,1688698746173,True,True
37216971,0.86070000,10.00000000,8.60700000,1688698751478,True,True
37216972,0.86080000,7.00000000,6.02560000,1688698776478,True,True
37216973,0.86080000,8.00000000,6.88640000,1688698801478,True,True
37216974,0.86090000,54.00000000,46.48860000,1688698811829,False,True
37216975,0.86110000,98.00000000,84.38780000,1688698811829,False,True
37216976,0.86110000,33.00000000,28.41630000,1688698811829,False,True
37216977,0.86080000,9.00000000,7.74720000,1688698836478,True,True
37216978,0.86120000,67.00000000,57.70040000,1688698860647,False,True
37216979,0.86130000,30.00000000,25.83900000,1688698860647,False,True
37216980,0.86130000,71.00000000,61.15230000,1688698860647,False,True
37216981,0.86150000,17.00000000,14.64550000,1688698860647,False,True
37216982,0.86110000,9.00000000,7.74990000,1688698871478,True,True
37216983,0.86120000,10.00000000,8.61200000,1688698896478,True,True
37216984,0.86140000,8.00000000,6.89120000,1688698936478,True,True
37216985,0.86140000,55.00000000,47.37700000,1688698936484,True,True
37216986,0.86140000,7.00000000,6.02980000,1688698956478,True,True
37216987,0.86140000,1.00000000,0.86140000,1688698981478,True,True
37216988,0.86140000,7.00000000,6.02980000,1688698981478,True,True
37216989,0.86140000,23.00000000,19.81220000,1688698981483,True,True
37216990,0.86100000,9.00000000,7.74900000,1688699016478,True,True
37216991,0.86090000,10.00000000,8.60900000,1688699051478,True,True
37216992,0.86090000,249.00000000,214.36410000,1688699051484,True,True
37216993,0.86080000,140.00000000,120.51200000,1688699051488,True,True
37216994,0.86040000,17.00000000,14.62680000,1688699063753,True,True
37216995,0.86040000,15.00000000,12.90600000,1688699076478,True,True
37216996,0.86080000,11.00000000,9.46880000,1688699121478,True,True
37216997,0.86080000,122.00000000,105.01760000,1688699121482,True,True
37216998,0.86010000,341.00000000,293.29410000,1688699123112,True,True
37216999,0.86010000,43.00000000,36.98430000,1688699123112,True,True
37217000,0.86000000,525.00000000,451.50000000,1688699123112,True,True
37217001,0.86000000,91.00000000,78.26000000,1688699123112,True,True
37217002,0.85970000,25.00000000,21.49250000,1688699136478,True,True
37217003,0.85970000,43.00000000,36.96710000,1688699138243,False,True
37217004,0.85980000,91.00000000,78.24180000,1688699138243,False,True
37217005,0.85980000,30.00000000,25.79400000,1688699138243,False,True
37217006,0.85990000,22.00000000,18.91780000,1688699138243,False,True
37217007,0.85980000,13.00000000,11.17740000,1688699142704,False,True
37217008,0.86040000,19.00000000,16.34760000,1688699176478,True,True
37217009,0.86040000,11.00000000,9.46440000,1688699176481,True,True
37217010,0.86030000,97.00000000,83.44910000,1688699176485,True,True
37217011,0.86020000,30.00000000,25.80600000,1688699176489,True,True
37217012,0.86020000,43.00000000,36.98860000,1688699176489,True,True
37217013,0.86010000,186.00000000,159.97860000,1688699178422,False,True
37217014,0.85930000,18.00000000,15.46740000,1688699196478,True,True
37217015,0.85930000,16.00000000,13.74880000,1688699231478,True,True
37217016,0.85910000,17.00000000,14.60470000,1688699256478,True,True
37217017,0.85920000,10.00000000,8.59200000,1688699296478,True,True
37217018,0.85930000,10.00000000,8.59300000,1688699316478,True,True
37217019,0.85930000,8.00000000,6.87440000,1688699346478,True,True
37217020,0.85930000,8.00000000,6.87440000,1688699376478,True,True
37217021,0.85930000,8.00000000,6.87440000,1688699436478,True,True
37217022,0.85930000,32.00000000,27.49760000,1688699447102,True,True
37217023,0.85920000,10.00000000,8.59200000,1688699471478,True,True
37217024,0.85920000,7.00000000,6.01440000,1688699496478,True,True
37217025,0.85930000,8.00000000,6.87440000,1688699526478,True,True
37217026,0.85960000,363.00000000,312.03480000,1688699526482,False,True
37217027,0.85960000,43.00000000,36.96280000,1688699526482,False,True
37217028,0.85980000,78.00000000,67.06440000,1688699526493,False,True
37217029,0.85970000,7.00000000,6.01790000,1688699556478,True,True
37217030,0.85970000,9.00000000,7.73730000,1688699576478,True,True
37217031,0.85970000,7.00000000,6.01790000,1688699616478,True,True
37217032,0.85970000,9.00000000,7.73730000,1688699641478,True,True
37217033,0.85970000,24.00000000,20.63280000,1688699647618,True,True
37217034,0.85970000,9.00000000,7.73730000,1688699676478,True,True
37217035,0.86020000,12.00000000,10.32240000,1688699694202,False,True
37217036,0.86020000,9.00000000,7.74180000,1688699706477,True,True
37217037,0.86010000,11.00000000,9.46110000,1688699736478,True,True
37217038,0.86040000,30.00000000,25.81200000,1688699766044,False,True
37217039,0.86040000,28.00000000,24.09120000,1688699766044,False,True
37217040,0.86010000,207.00000000,178.04070000,1688699768232,True,True
37217041,0.86010000,73.00000000,62.78730000,1688699768236,True,True
37217042,0.86010000,57.00000000,49.02570000,1688699768239,True,True
37217043,0.85970000,9.00000000,7.73730000,1688699776478,True,True
37217044,0.85970000,9.00000000,7.73730000,1688699796477,True,True
37217045,0.85970000,156.00000000,134.11320000,1688699814444,True,True
37217046,0.85970000,144.00000000,123.79680000,1688699814651,True,True
37217047,0.85970000,169.00000000,145.28930000,1688699814651,True,True
37217048,0.85970000,156.00000000,134.11320000,1688699814655,True,True
37217049,0.85920000,9.00000000,7.73280000,1688699816478,True,True
37217050,0.85930000,16.00000000,13.74880000,1688699846477,True,True
37217051,0.85930000,11.00000000,9.45230000,1688699856477,True,True
37217052,0.85930000,59.00000000,50.69870000,1688699875817,True,True
37217053,0.85930000,75.00000000,64.44750000,1688699875817,True,True
37217054,0.85930000,11.00000000,9.45230000,1688699891477,True,True
37217055,0.85930000,9.00000000,7.73370000,1688699916477,True,True
37217056,0.85920000,4.00000000,3.43680000,1688699916477,True,True
37217057,0.85960000,11.00000000,9.45560000,1688699941157,False,True
37217058,0.85930000,14.00000000,12.03020000,1688699951482,True,True
37217059,0.85930000,15.00000000,12.88950000,1688699976477,True,True
37217060,0.85930000,9.00000000,7.73370000,1688700016477,True,True
37217061,0.85970000,10.00000000,8.59700000,1688700016492,False,True
37217062,0.85970000,95.00000000,81.67150000,1688700036023,False,True
37217063,0.85970000,8.00000000,6.87760000,1688700036023,False,True
37217064,0.85980000,48.00000000,41.27040000,1688700036034,False,True
37217065,0.85990000,14.00000000,12.03860000,1688700036038,False,True
37217066,0.85970000,11.00000000,9.45670000,1688700036477,True,True
37217067,0.85980000,36.00000000,30.95280000,1688700042892,False,True
37217068,0.86000000,48.00000000,41.28000000,1688700042898,False,True
37217069,0.86000000,97.00000000,83.42000000,1688700042898,False,True
37217070,0.86030000,30.00000000,25.80900000,1688700052199,False,True
37217071,0.86050000,30.00000000,25.81500000,1688700052497,True,True
37217072,0.86040000,87.00000000,74.85480000,1688700052497,True,True
37217073,0.86030000,30.00000000,25.80900000,1688700052497,True,True
37217074,0.86020000,83.00000000,71.39660000,1688700052497,True,True
37217075,0.86050000,30.00000000,25.81500000,1688700052601,False,True
37217076,0.86060000,94.00000000,80.89640000,1688700052603,False,True
37217077,0.86070000,30.00000000,25.82100000,1688700052607,False,True
37217078,0.86070000,48.00000000,41.31360000,1688700052607,False,True
37217079,0.86050000,30.00000000,25.81500000,1688700056390,True,True
37217080,0.86040000,89.00000000,76.57560000,1688700056390,True,True
37217081,0.86030000,30.00000000,25.80900000,1688700056390,True,True
37217082,0.86030000,43.00000000,36.99290000,1688700056390,True,True
37217083,0.86030000,14.00000000,12.04420000,1688700066477,True,True
37217084,0.86040000,12.00000000,10.32480000,1688700096478,True,True
37217085,0.86070000,30.00000000,25.82100000,1688700103221,False,True
37217086,0.86060000,107.00000000,92.08420000,1688700104901,True,True
37217087,0.86050000,81.00000000,69.70050000,1688700104901,True,True
37217088,0.86090000,30.00000000,25.82700000,1688700104905,False,True
37217089,0.86080000,30.00000000,25.82400000,1688700116727,True,True
37217090,0.86080000,264.00000000,227.25120000,1688700116727,True,True
37217091,0.86080000,30.00000000,25.82400000,1688700122058,False,True
37217092,0.86120000,7.00000000,6.02840000,1688700126478,True,True
37217093,0.86120000,16.00000000,13.77920000,1688700156477,True,True
37217094,0.86120000,7.00000000,6.02840000,1688700156484,True,True
37217095,0.86120000,25.00000000,21.53000000,1688700156484,True,True
37217096,0.86140000,15.00000000,12.92100000,1688700196478,True,True
37217097,0.86140000,1.00000000,0.86140000,1688700196488,True,True
37217098,0.86120000,12.00000000,10.33440000,1688700216477,True,True
37217099,0.86120000,16.00000000,13.77920000,1688700251478,True,True
37217100,0.86120000,16.00000000,13.77920000,1688700276477,True,True
37217101,0.86130000,13.00000000,11.19690000,1688700321477,True,True
37217102,0.86120000,13.00000000,11.19560000,1688700336478,True,True
37217103,0.86120000,101.00000000,86.98120000,1688700349541,True,True
37217104,0.86120000,102.00000000,87.84240000,1688700349550,True,True
37217105,0.86100000,9.00000000,7.74900000,1688700386478,True,True
37217106,0.86100000,9.00000000,7.74900000,1688700396478,True,True
37217107,0.86100000,26.00000000,22.38600000,1688700399852,True,True
37217108,0.86080000,11.00000000,9.46880000,1688700426478,True,True
37217109,0.86070000,10.00000000,8.60700000,1688700456477,True,True
37217110,0.86080000,6.00000000,5.16480000,1688700468172,False,True
37217111,0.86110000,17.00000000,14.63870000,1688700468172,False,True
37217112,0.86080000,31.00000000,26.68480000,1688700472242,True,True
37217113,0.86070000,93.00000000,80.04510000,1688700472242,True,True
37217114,0.86070000,48.00000000,41.31360000,1688700472242,True,True
37217115,0.86050000,10.00000000,8.60500000,1688700486478,True,True
37217116,0.86070000,11.00000000,9.46770000,1688700516478,True,True
37217117,0.86070000,110.00000000,94.67700000,1688700516482,True,True
37217118,0.86070000,235.00000000,202.26450000,1688700534052,True,True
37217119,0.86070000,45.00000000,38.73150000,1688700534057,True,True
37217120,0.86070000,10.00000000,8.60700000,1688700546478,True,True
37217121,0.86070000,225.00000000,193.65750000,1688700572047,True,True
37217122,0.86050000,38.00000000,32.69900000,1688700572051,True,True
37217123,0.86040000,49.00000000,42.15960000,1688700572059,True,True
37217124,0.86040000,9.00000000,7.74360000,1688700576478,True,True
37217125,0.86090000,24.00000000,20.66160000,1688700600890,False,True
37217126,0.86050000,13.00000000,11.18650000,1688700606478,True,True
37217127,0.86040000,12.00000000,10.32480000,1688700636478,True,True
37217128,0.86040000,14.00000000,12.04560000,1688700666478,True,True
37217129,0.86050000,104.00000000,89.49200000,1688700671286,True,True
37217130,0.86040000,998.00000000,858.67920000,1688700673543,True,True
37217131,0.86040000,24.00000000,20.64960000,1688700696478,True,True
37217132,0.86040000,12.00000000,10.32480000,1688700731478,True,True
37217133,0.86050000,19.00000000,16.34950000,1688700756478,True,True
37217134,0.86060000,9.00000000,7.74540000,1688700796478,True,True
37217135,0.86050000,13.00000000,11.18650000,1688700816478,True,True
37217136,0.86090000,97.00000000,83.50730000,1688700828441,False,True
37217137,0.86120000,30.00000000,25.83600000,1688700828441,False,True
37217138,0.86120000,58.00000000,49.94960000,1688700828441,False,True
37217139,0.86120000,40.00000000,34.44800000,1688700829106,False,True
37217140,0.86120000,96.00000000,82.67520000,1688700829106,False,True
37217141,0.86150000,10.00000000,8.61500000,1688700851478,True,True
37217142,0.86150000,16.00000000,13.78400000,1688700876478,True,True
37217143,0.86150000,4.00000000,3.44600000,1688700886894,True,True
37217144,0.86150000,9.00000000,7.75350000,1688700886894,True,True
37217145,0.86150000,12.00000000,10.33800000,1688700886894,True,True
37217146,0.86140000,15.00000000,12.92100000,1688700886894,True,True
37217147,0.86140000,18.00000000,15.50520000,1688700897098,True,True
37217148,0.86130000,10.00000000,8.61300000,1688700911478,True,True
37217149,0.86130000,20.00000000,17.22600000,1688700924169,True,True
37217150,0.86100000,86.00000000,74.04600000,1688700924269,True,True
37217151,0.86130000,30.00000000,25.83900000,1688700924505,False,True
37217152,0.86140000,35.00000000,30.14900000,1688700924505,False,True
37217153,0.86150000,30.00000000,25.84500000,1688700924505,False,True
37217154,0.86170000,30.00000000,25.85100000,1688700924505,False,True
37217155,0.86170000,69.00000000,59.45730000,1688700924505,False,True
37217156,0.86170000,12.00000000,10.34040000,1688700924505,False,True
37217157,0.86180000,232.00000000,199.93760000,1688700924505,False,True
37217158,0.86180000,136.00000000,117.20480000,1688700924505,False,True
37217159,0.86130000,20.00000000,17.22600000,1688700936478,True,True
37217160,0.86140000,15.00000000,12.92100000,1688700966478,True,True
37217161,0.86140000,13.00000000,11.19820000,1688700996478,True,True
37217162,0.86170000,30.00000000,25.85100000,1688700996481,False,True
37217163,0.86180000,30.00000000,25.85400000,1688700996491,False,True
37217164,0.86190000,296.00000000,255.12240000,1688700996499,False,True
37217165,0.86190000,18.00000000,15.51420000,1688700996499,False,True
37217166,0.86190000,68.00000000,58.60920000,1688700996502,False,True
37217167,0.86200000,950.00000000,818.90000000,1688700996506,False,True
